3822 5758
815 469 1011 548 -33-

284 724 408 795 ponem
435 724 570 797 quoque
597 704 756 806 (sirpus
794 705 883 795 frag.
913 700 1011 797 165),
1051 713 1088 779 et
1126 707 1214 796 frag.
1253 709 1321 778 156
1362 705 1539 798 capsulam

284 859 419 931 quoque
455 837 630 931 quandam
669 839 775 913 habes
827 836 1031 951 (yprirp),-
1064 840 1108 913 ad
1146 848 1328 931 unguenta
1369 841 1540 916 servanda

285 969 506 1046 destinatam.
547 973 637 1049 Cum
669 998 750 1049 vero
788 976 921 1067 poetria
958 983 1100 1068 propter
1137 974 1291 1048 Phaonis
1318 977 1539 1068 repentinum

284 1104 473 1180 discessum
500 1109 673 1183 maestitia
699 1110 822 1183 affecta
841 1117 941 1202 esset,
969 1131 1104 1183 omnem
1130 1109 1228 1181 illum
1253 1109 1441 1184 femineum
1468 1108 1541 1182 cul·
1580 1082 1583 1092 ’

285 1246 371 1336 tum,
398 1248 438 1315 ut
462 1263 527 1333 par
552 1251 637 1336 erat,
664 1245 808 1316 missum
834 1241 926 1318 fecit.
968 1227 1186 1336 Quapropter
1226 1241 1373 1316 Ovidius
1413 1245 1540 1316 iterum

285 1398 327 1448 ex
341 1376 463 1460 altera
501 1385 600 1470 parte
625 1400 701 1451 eam
727 1366 924 1453 describens
962 1402 1016 1453 vv.
1045 1381 1188 1452 73-76
1233 1378 1320 1452 haec
1343 1378 1540 1471 loquentem

285 1511 380 1586 facit:
885 1515 891 1528 '

433 1646 534 1740 Ecce,
561 1647 676 1722 iacent
702 1647 787 1722 collo
811 1649 924 1740 sparsi
950 1649 1025 1722 sine
1048 1649 1124 1740 lege
1150 1647 1277 1741 capilli,

500 1778 574 1853 Nec
599 1781 726 1873 premit
750 1781 915 1855 articulos
940 1781 1057 1855 lucida
1082 1803 1219 1872 gemma
1244 1802 1347 1855 meas.

437 1913 540 1988 Veste
564 1919 662 2005 tegor
686 1915 758 1987 vili.
786 1914 929 1989 Nullum
955 1916 1071 1989 estin
1096 1907 1254 1988 crinibus
1279 1937 1415 2008 aurum,

501 2046 583 2122 Nan
607 2050 765 2124 Arabum
791 2059 908 2124 noster
933 2073 1011 2125 rare
1037 2051 1183 2143 capillus
1208 2027 1286 2124 alet.
1432 2033 1434 2044 ’

384 2185 528 2258 Praeter
552 2184 688 2258 easdem
714 2186 768 2260 vel
794 2184 942 2265 similes,
962 2186 1152 2258 sententias
1190 2192 1225 2258 et
1249 2205 1303 2256 res
1336 2182 1430 2275 apud
1456 2181 1540 2259 Ovi-

289 2318 384 2391 dium
409 2339 514 2410 pcrru
539 2320 644 2392 etiam
671 2318 808 2392 dicendi
834 2311 971 2409 generis
1009 2319 1162 2410 poetriae
1199 2319 1347 2408 vestigia
1371 2317 1540 2411 quaedam

287 2453 525 2527 inveniuntur.
552 2452 642 2526 Sane
668 2451 923 2526 concedendum
949 2452 1105 2526 estheri
1130 2453 1293 2544 potuisse,
1321 2457 1361 2525 ut
1373 2451 1540 2526 nonnulla

289 2609 370 2660 casu
396 2593 532 2662 tantum
558 2589 687 2661 similia
713 2589 793 2661 sint:
820 2611 901 2681 pam
928 2610 1006 2661 cum
1034 2594 1180 2679 uterque
1206 2589 1243 2660 in
1270 2587 1398 2660 erotica
1428 2588 1540 2679 poesis

286 2745 413 2813 genere
438 2730 649 2816 versaretur,
675 2724 789 2796 lacere
813 2724 1019 2816 perpatuit,
1045 2723 1131 2817 quin
1144 2720 1272 2813 eodem,
1299 2727 1339 2794 ut
1351 2720 1402 2794 ita
1416 2719 1539 2814 dicam,

287 2859 414 2931 erotica
440 2865 610 2950 apparatu
624 2859 656 2946 *l
683 2865 849 2932 uteretur.
878 2857 933 2955 Ita
958 2865 1102 2950 uterque
1127 2852 1170 2927 de
1188 2855 1384 2928 vehementi
1410 2841 1539 2928 ameris

289 2993 422 3085 impetu
447 2989 573 3066 urendi
598 2991 703 3066 verbo
729 2993 853 3084 utitur,
893 2991 934 3064 cf.
961 3016 993 3066 v.
1022 2994 1054 3063 9:
1087 2995 1209 3080 „ur0r“
1252 2997 1286 3063 et
1310 3013 1342 3063 v.
1378 2993 1446 3062 163
1475 3009 1538 3081 sq.:

293 3129 476 3220 „quoniam
502 3149 572 3202 non
599 3127 740 3218 ignibus
766 3127 886 3218 aequis
911 3126 1043 3200 ureris“
1075 3126 1355 3216 cumfrag.115:
1383 3121 1540 3214 dara-acc

288 3252 409 3361 ἄμμε
436 3268 472 3337 et
495 3262 583 3354 frag.
612 3266 632 3334 2
659 3285 691 3335 v.
721 3264 741 3333 9
766 3281 831 3354 squ

921 3380 1084 3466 λέπτον
1110 3381 1150 3466 d‘

501 3520 661 3606 αὔτικα
686 3527 782 3631 χρῷ
808 3528 903 3625 πῦρ
928 3515 1289 3625 ν’παὸεδρόμακεν.

288 3665 378 3738 Mihi
419 3687 502 3740 vero
539 3665 711 3756 imprimis
749 3665 786 3735 in
824 3663 986 3755 epithetis
1024 3683 1112 3755 quae
1137 3659 1303 3737 dicuntur
1334 3662 1539 3735 ornantibus

288 3799 440 3891 poetriae
465 3799 616 3890 propriis
643 3795 790 3871 Ovidius
816 3796 861 3870 ad
886 3794 1047 3889 Sapphus
1073 3794 1212 3870 dicendi
1240 3775 1353 3887 genus
1378 3792 1539 3902 accedere

288 3933 436 4026 videtur,
463 3933 520 4008 cui
544 3955 573 4005 e.
600 3953 634 4024 g.
659 3931 832 4006 adiectiva
857 3932 1001 4005 nomina
1024 3921 1165 4028 dapar,
1189 3919 1363 4023 ἄπαλος,
1389 3917 1539 4020 βράδι-

394 4259 479 4327 'llta
497 4258 641 4330 lusciniae,
660 4257 810 4329 perpetuas
828 4255 908 4313 illius
927 4255 1081 4312 amantium
1099 4255 1216 4329 comitis,
1244 4255 1274 4312 in
1292 4255 1419 4328 Sapphus
1438 4255 1540 4313 carmi·

287 4353 369 4410 nibus
386 4353 482 4423 partes
500 4351 585 4408 fuisso
607 4350 687 4406 ducat
704 4347 776 4416 frag.
796 4348 840 4406 39:

456 4423 561 4528 ³Hpcc
583 4436 712 4525 ἅγγελος
732 4435 1019 4526 ἰμερόφωνος
1055 4435 1212 4520 ἀήθων.

288 4551 452 4618 Quibuscum
471 4549 507 4607 cf.
526 4563 552 4607 r.
573 4550 623 4608 152
644 4561 710 4616 aaa:

716 4637 845 4693 ..nullae
865 4635 981 4692 dulce
1008 4635 1233 4702 queruntur
1251 4648 1324 4691 aras.

502 4731 566 4789 Sala
585 4729 677 4787 virum
695 4742 751 4784 nan
768 4728 830 4784 ulta
847 4725 893 4797 pic
912 4724 1097 4782 maestissima
1114 4726 1205 4782 mater

537 4818 667 4909 (1111111111Ι
678 4817 826 4876 Ismarium
844 4816 1011 4875 Daulias
1039 4818 1075 4874 al
1089 4830 1126 4873 es
1143 4817 1218 4886 Ityn.

1232 4989 1236 5000 .
1333 4929 1354 4999 3
