3804 5786
812 409 934 526 ...¹59
959 448 1010 466 ...

669 581 678 614 Ι

282 649 368 723 alias
393 670 528 741 quoque
553 668 619 738 res,
647 666 733 738 quas
760 645 902 716 minime
928 644 1151 736 quaerebant,
1180 644 1217 715 in
1242 639 1355 715 lucer'n
1380 641 1536 733 proferre

283 783 405 874 solent,
431 783 480 854 ita
494 781 593 854 nobis
620 801 753 873 quoque
780 779 935 870 contigit,
965 784 1004 849 ut
1029 776 1196 869 quaedam
1223 777 1534 866 observaverimus

60 891 63 898 ¹
120 945 125 962 ·
176 945 178 951 2
284 937 371 1009 quae
407 914 536 987 nullius
575 913 738 984 momenti
778 932 859 994 esse,
878 912 1022 982 minime
1047 909 1150 982 dices:
1198 911 1247 981 ita
1280 909 1429 999 epistula
1454 910 1535 981 freti

283 1050 461 1141 Sapphoni
497 1047 665 1151 adespota
703 1048 899 1136 fragmenta
940 1044 1108 1137 quaedam
1148 1043 1422 1134 vindicabamus,
1470 1043 1539 1116 alia

282 1184 542 1274 corrigebamus
568 1182 622 1253 vel
647 1181 916 1271 explicabamus,
944 1201 1022 1251 cum
1039 1177 1212 1250 Ovidiaua
1237 1179 1343 1251 uerba
1368 1176 1538 1251 imitando

283 1340 444 1410 expressa
470 1316 514 1388 ad
528 1317 782 1388 sententiarum
810 1335 936 1386 nexum
963 1315 1000 1385 in
1021 1313 1181 1403 Sapphus
1199 1313 1422 1384 carminibus
1448 1312 1537 1384 divi-

284 1450 438 1523 nandum
465 1457 642 1541 tamquam
670 1468 772 1518 ansas
800 1446 900 1518 nobis
929 1444 1104 1519 dedissent
1125 1447 1170 1540 a).
1211 1445 1299 1518 Cum
1328 1446 1476 1539 denique
1501 1449 1539 1521 in

284 1587 349 1659 hac
374 1585 523 1676 epistula
547 1583 667 1656 eadem
694 1589 814 1673 poetae
832 1573 1002 1655 'imitandi
1035 1583 1125 1653 ratio
1152 1585 1345 1674 reperiatur
1371 1589 1474 1674 atque
1500 1585 1537 1655 in

284 1722 415 1793 ceteris
432 1717 653 1803 Heroidibus,
682 1737 829 1808 quarum
869 1713 1042 1788 Ovidiana
1075 1717 1171 1805 origo
1197 1716 1317 1806 procul
1346 1681 1459 1790 dubio!
1475 1724 1537 1808 est,

240 1885 242 1894 ·
283 1861 552 1928 consentaneum
577 1851 655 1940 erit,
689 1855 729 1921 ut
754 1848 914 1940 Sapphus
953 1870 1086 1940 quoque
1124 1849 1307 1938 epistulam
1346 1851 1538 1939 genuinum

282 1989 434 2083 Nasonis
461 2009 546 2079 opus
574 1999 648 2058 esse
673 2006 850 2075 agnoscas.

382 2124 611 2217 Quamobrem
637 2144 707 2195 non
733 2129 795 2212 est,
824 2143 885 2193 cur
923 2141 1115 2211 vereamur,
1142 2142 1186 2192 ne
1212 2121 1364 2194 laborem
1390 2143 1411 2191 a
1438 2121 1539 2194 nobis

250 2307 253 2312 -
281 2265 480 2350 susceptum
505 2257 611 2328 ubere
635 2256 759 2346 fructu
778 2260 952 2326 carentem
979 2274 1341 2345 supervacaneumque
1367 2261 1510 2327 statuas.

753 2529 1080 2612 appendix

384 2719 470 2794 Cum
509 2740 618 2811 supra
658 2742 703 2792 ne
728 2731 837 2793 unum
876 2718 1014 2811 quidem
1052 2722 1138 2791 satis
1181 2728 1311 2792 certum
1352 2722 1538 2811 vestigium

287 2851 538 2926 comoediarum
564 2853 607 2922 ab
636 2830 725 2922 Ovi
740 2851 761 2921 d
776 2853 822 2922 io
849 2853 892 2938 in,
914 2849 1157 2941 componenda·
1176 2852 1326 2940 epistula
1364 2850 1537 2923 adhibita-

200 3065 204 3075 ,
285 2965 543 3077 rum'reperire
570 2987 797 3076 potuerimus
824 2985 916 3075 apud
956 2987 1090 3056 alios
1129 2988 1426 3075 scriptores
1453 3008 1538 3058 non-

285 3122 381 3200 nulla
408 3127 556 3210 exstare,
584 3093 670 3210 quae
709 3141 750 3190 ex
776 3120 835 3190 illo
862 3121 958 3192 fonte
996 3119 1137 3191 fluxisse
1163 3119 1360 3212 videantur,
1395 3121 1538 3194 minime

390 3439 426 3511 ”l
444 3443 478 3496 In
496 3441 548 3495 hac
566 3456 596 3495 re
617 3440 759 3509 opiniones
777 3439 963 3493 recentiorum
983 3436 1062 3492 valde
1082 3436 1227 3507 fluctuant,
1248 3437 1294 3501 qui
1314 3439 1449 3508 eavcrba
1469 3453 1538 3504 quae

283 3545 315 3584 ex
334 3531 456 3598 ipsorum
476 3531 621 3585 sententiis
632 3530 806 3598 Sapphonem
824 3527 915 3582 minus
935 3527 1030 3581 decere
1051 3525 1207 3596 videantur,
1226 3529 1387 3594 plerumque
1398 3528 1439 3583 ita
1452 3531 1539 3598 expli·

283 3635 345 3676 care
365 3621 917 3691 conentur,utpostriamnonsuos,
937 3619 1003 3673 sed
1023 3617 1131 3672 alius
1152 3617 1538 3686 cniusdampuellae

283 3709 345 3765 aff
354 3725 367 3765 e
379 3712 465 3764 ctus
484 3709 638 3764 describere
658 3704 791 3764 statuant.
805 3708 895 3776 ,Quod
923 3722 1004 3773 quam
1032 3720 1192 3774 perversum
1219 3707 1264 3776 sit,
1293 3707 1344 3760 hoc
1363 3709 1422 3763 loco
1441 3709 1538 3776 paucis

283 3801 433 3869 expediam.
453 3785 565 3856 Constat
585 3799 656 3854 enim
677 3799 751 3854 iuter
779 3799 831 3852 duo
859 3798 911 3852 illa
938 3793 1069 3852 melicae
1083 3797 1173 3865 poesis
1192 3811 1294 3864 garrera
1319 3797 1348 3851 id
1367 3796 1538 3853 discriminis

282 3890 464 3960 intercedere,
483 3891 515 3944 ut
533 3889 563 3943 in
583 3889 764 3943 choricis
783 3887 892 3953 quidem
913 3887 1090 3957 carminibus,
1110 3886 1204 3952 qualia
1225 3889 1289 3941 sunt
1312 3888 1460 3960 Alcmanis,
1481 3890 1539 3946 Ste-

282 3978 392 4049 sichori,
413 3979 540 4048 aliorum,
567 3979 663 4033 'multa
691 3977 854 4044 argumenta
883 3975 1013 4044 crepion
1040 3976 1116 4044 poesi
1145 3975 1289 4044 desumpta
1319 3979 1470 4048 occursent,
1490 3977 1539 4032 ubi

281 4068 387 4138 poetae,
407 4081 476 4132 quaa
496 4067 574 4122 alii
601 4065 778 4120 homines
798 4065 943 4133 senserint,
967 4065 998 4118 iu
1016 4064 1137 4120 medium
1156 4064 1310 4136 proferant3
1331 4079 1426 4120 earum
1446 4067 1538 4121 autem

282 4156 402 4226 odarum,
422 4171 490 4222 quae
510 4155 736 4224 lyricaoaar'
750 4148 860 4234 ἕξοχήυ
890 4155 1079 4224 appellantur,
1108 4153 1251 4222 proprium
1281 4156 1322 4208 est
1353 4169 1385 4208 ea
1413 4155 1538 4211 versibus

282 4245 421 4316 amplecti,
442 4246 541 4311 quibus
559 4245 693 4314 ipsius
713 4245 853 4312 poetae
875 4243 982 4297 animus
993 4243 1114 4297 imbutus
1125 4243 1171 4314 sit,
1191 4257 1260 4308 quae
1280 4243 1317 4312 ip
1330 4258 1406 4300 suin
1425 4246 1538 4300 laetitia

282 4337 330 4389 aut
348 4349 472 4390 maerore
492 4334 625 4389 officiant
654 4336 750 4399 ltaque
770 4348 831 4387 curn
860 4333 968 4401 Sappho
996 4333 1175 4399 (carminibus
1203 4333 1377 4402 nuptialibus
1406 4335 1538 4404 exceptis)

281 4438 336 4478 non
355 4424 478 4478 eboricus
498 4424 572 4494 odas,
601 4424 647 4478 sed
665 4424 776 4478 tantum
804 4422 944 4477 monodias
965 4422 1131 4494 scripsisset,
1159 4423 1212 4479 illa
1241 4426 1404 4492 argumenta
1429 4425 1459 4479 in
1479 4426 1537 4480 eius

280 4513 451 4568 carminibus
470 4514 561 4568 sedem
580 4514 683 4568 habere
712 4528 767 4567 non
794 4513 952 4581 potuerunt.
983 4512 1056 4577 Quod
1085 4513 1187 4580 optime
1216 4514 1242 4570 d.
1265 4515 1291 4570 0.
1309 4515 1411 4569 Mliller
1437 4515 1535 4582 (Gdgh.

225 4599 227 4604 ’
280 4616 306 4670 p.
328 4603 389 4668 296)
407 4603 549 4672 perspexit
569 4605 650 4668 atque
669 4602 713 4660 his
733 4602 825 4657 verbis
854 4602 999 4670 expressit:
1030 4603 1093 4658 «nei
1119 4603 1168 4658 der
1188 4604 1296 4673 Sappho
1324 4605 1363 4659 ist
1382 4604 1426 4659 die
1445 4607 1537 4661 Poesio

280 4690 900 4759 gunnsachedoslnnernundsio
921 4691 1166 4759 sprichtlreins
1196 4693 1369 4748 Gefhhle
1390 4697 1537 4750 ausals

280 4778 473 4835 uirlrlich
493 4781 650 4835 erlebte
670 4780 744 4834 und
764 4778 1010 4836 erithreae».
1034 4780 1104 4844 (luae
1126 4795 1187 4835 cum
1205 4781 1248 4836 ita
1268 4781 1332 4852 sint,
1351 4781 1538 4838 illamrcoou·

279 4869 382 4925 tiorum
400 4869 606 4939 interpretandi
623 4871 761 4925 rationem
779 4885 796 4924 a
816 4884 879 4926 uero
898 4869 1057 4938 longissime
1077 4870 1296 4943 recedere‘mihi
1315 4871 1454 4939 concedes.
