3804 5786
812 461 1030 532 -105-

296 696 386 769 chon
411 715 481 767 nou
506 716 598 785 casu,
626 691 685 765 scd
712 692 754 764 de
778 693 952 768 industria
978 695 1140 766 omissum
1179 715 1255 766 esse
1279 694 1427 768 videtur:
1469 711 1546 770 cum

296 832 388 903 enim
412 826 527 901 scriba
552 826 702 900 Nasonis
729 826 878 900 nitidum
890 826 1005 899 lusum
1024 848 1094 899 non
1109 826 1421 921 comprehenderet,
1448 830 1546 920 prius

297 965 470 1038 distichon
496 963 767 1054 dittographiam
792 962 964 1055 quandam
990 984 1064 1044 esse
1090 961 1280 1037 arbitratus
1299 964 1441 1036 missum
1454 965 1546 1038 fecit.

395 1099 490 1172 Haec
515 1100 586 1173 fere
611 1104 703 1190 sunt,
730 1098 853 1191 quibus
879 1096 1007 1171 additis
1032 1097 1237 1170 Baehrensii
1275 1098 1447 1172 sententia
1472 1117 1547 1170 sus·
1636 1153 1639 1159 .

297 1236 425 1310 tentari
450 1255 550 1325 posse
574 1233 661 1306 mihi
686 1231 854 1317 videatur,
915 1218 918 1222 ⁴
1214 1243 1216 1248 ‘
1272 1328 1274 1333 ,
1325 1249 1330 1257 ·
1490 1241 1506 1277 ⁴

884 1560 975 1676 lll.

392 1816 467 1887 Iam
504 1814 548 1887 ad
587 1815 724 1904 singula
762 1813 930 1907 quaedam
956 1815 1123 1904 epistulae
1162 1813 1269 1888 verba
1307 1823 1549 1889 convertamur

296 1946 549 2040 videamusque,
577 1971 660 2021 num
687 1949 841 2022 homines
868 1947 960 2021 docti
986 1949 1061 2051 iure
1086 1949 1123 2020 in
1148 1949 1193 2020 iis
1219 1947 1434 2022 offenderint.
1469 1949 1549 2022 Huc

297 2085 496 2156 referuntur
520 2083 670 2174 primum
696 2082 762 2155 duo
788 2104 913 2173 graeca
937 2081 1055 2174 verba,
1083 2083 1197 2177 chelys
1223 2105 1256 2154 v.
1287 2086 1353 2155 181
1382 2089 1417 2155 et
1432 2082 1550 2155 barbi-

297 2225 350 2292 tos
376 2240 409 2289 v.
424 2221 458 2309 8,
487 2239 574 2311 quae
599 2217 710 2309 lyram
735 2218 852 2290 valent
867 2218 915 2310 *)·,
942 2224 1125 2310 utrumque
1162 2216 1275 2290 Birtio
1301 2218 1392 2289 inter
1418 2217 1488 2290 alia
1512 2219 1550 2290 iu

299 2343 412 2427 causa⁴¹
426 2353 504 2442 fuit,
530 2372 637 2445 quare
676 2352 766 2423 hanc
805 2350 988 2442 epistulam
1027 2351 1181 2441 spuriam
1211 2357 1247 2424 et
1272 2373 1293 2423 a
1317 2349 1551 2425 versificatore

298 2489 445 2583 quodam
470 2489 594 2560 aetatis
621 2485 799 2559 Neroneae
825 2485 1013 2558 conlectam
1039 2505 1113 2556 esse
1138 2482 1360 2559 contenderet
1375 2486 1446 2578 aa).
1485 2485 1550 2555 A·

299 2625 469 2699 tamensi
495 2622 724 2695 demonstrari
762 2627 875 2713 potest
912 2627 1096 2713 utrumque
1133 2594 1339 2694 vocabulum
1377 2621 1415 2691 in
1440 2617 1550 2712 Sap-

296 2759 423 2850 phus
475 2755 796 2830 carminibus
847 2755 1029 2846 exstitisse,
1068 2755 1129 2828 illa
1154 2755 1306 2846 suspicio
1331 2753 1375 2828 ad
1401 2755 1549 2826 nihilum

298 2890 431 2965 recidat
468 2910 606 2963 necesse
630 2895 692 2962 est.
731 2888 779 2962 Et
803 2910 934 2979 revera,
973 2886 1066 2979 apud
1104 2888 1274 2979 poetriam
1311 2894 1346 2961 et
1387 2877 1550 2986 χέλννα

302 3027 347 3118 (v.
379 3025 422 3096 fr.
452 3029 533 3115 168,
561 3043 649 3094 corr.
677 3021 820 3114 Bergk.)
860 3021 1040 3111 legebatur
1078 3028 1113 3094 et
1138 3024 1252 3113 ipsum
1283 3011 1420 3119 χέλυς
1457 3043 1551 3095 nunc

214 3151 215 3154 ’
301 3180 434 3251 quoque
458 3142 603 3248 legimus
629 3157 673 3229 fr.
701 3161 761 3232 45:
1381 3186 1384 3192 ·

605 3283 706 3405 ”Aye
732 3281 779 3382 da*
808 3283 922 3390 χέλυ
949 3283 1020 3367 oca
1048 3311 1127 3387 μοι
1170 3313 1172 3318 ·

607 3423 816 3524 φωνὰεσσα
842 3421 998 3538 γένοιο.
1027 3479 1030 3488 ,

300 3567 453 3638 Alterius
478 3585 612 3657 quoque
636 3563 794 3636 vocabuli
808 3583 908 3634 usum
930 3562 1150 3652 aSapphone
1163 3559 1256 3633 haud
1270 3561 1420 3632 alienum
1445 3559 1552 3631 fuisse

300 3697 341 3770 fr.
374 3702 444 3769 154
470 3719 511 3768 ex
535 3697 716 3769 Athenaeo
745 3696 808 3788 (IV
837 3699 904 3768 182
920 3697 962 3784 F)
991 3701 1166 3788 sumptum
1185 3693 1294 3784 docet,
1321 3682 1552 3784 nbilegimusi
1592 3791 1594 3796 Ι

308 3829 388 3906 Τόν
433 3832 514 3932 γάρ
550 3827 755 3938 βάρωμον
796 3828 862 3904 καὶ
899 3826 1203 3938 odouacer,
1243 3807 1297 3902 ὧν
1337 3825 1553 3922 Σαπφώ

303 3966 368 4077 aad
396 3963 620 4074 Ἀνακρέων
659 3960 1199 4064 μνημονεύονσι..·
1239 3958 1401 4064 ἀρχαῖα
1440 3953 1553 4032 εἰναι.

216 4119 218 4123 ·
302 4099 424 4195 Itaque
449 4101 535 4173 baec
562 4122 695 4193 quoque
721 4100 789 4173 duo
814 4097 982 4174 vocabula
1008 4122 1048 4170 ex
1074 4099 1262 4189 illefonse,
1290 4102 1330 4169 ut
1353 4093 1555 4186 multaalia,
1620 4126 1622 4134 ·
1671 4133 1673 4142 s

409 4412 432 4481 ⁹)
450 4412 489 4470 Os.
508 4413 592 4469 Bekk.
604 4411 730 4469 huecdot.
751 4428 777 4482 p.
790 4413 868 4470 1431:
888 4414 980 4497 χέλυς
994 4413 1112 4496 χέλυος·
1126 4410 1269 4496 σημαίνει
1281 4410 1322 4476 δέ
1335 4409 1394 4493 τήν
1407 4410 1554 4495 κιθάραν.

302 4506 339 4560 Dc
359 4505 478 4568 utraque
500 4517 564 4557 voce
584 4517 609 4559 v.
632 4516 701 4569 qnae
721 4501 841 4557 diximus
857 4517 940 4571 snpra
960 4517 986 4571 p.
1008 4505 1038 4558 31
1060 4517 1098 4569 sq,

395 4591 432 4658 **)
450 4593 490 4649 df.
509 4594 529 4648 l.
548 4594 567 4649 l.
586 4607 612 4660 p.
633 4593 683 4648 388
703 4605 766 4648 ann.
786 4595 812 4649 2:
841 4591 1206 4660 ‹dhelvn-inqnit—poeta
1233 4592 1369 4647 Romanus
1394 4575 1490 4645 nullus
1508 4589 1556 4645 ad·

302 4683 420 4752 plicavit
439 4683 503 4737 ante
515 4683 659 4740 Senecam.
671 4727 677 4737 .
697 4681 797 4739 Silium
809 4721 832 4737 ..
853 4682 1053 4749 Panegyricum
1070 4679 1555 4750 1181111111111111111181111111.

303 4775 385 4828 Porro
405 4771 481 4826 ibid:
502 4771 644 4825 «Barbitos
663 4771 755 4825 aliena
783 4772 817 4825 ab
838 4771 932 4827 ovidio
962 4770 1103 4849 portisque
1131 4770 1176 4824 his
1195 4769 1319 4836 omnibns
1348 4758 1458 4850 ¹praeter
1486 4769 1555 4834 mele

302 4860 401 4930 Horati
418 4860 551 4929 (recurrit
570 4859 643 4944 apud
662 4859 861 4940 Claudianum».
