3822 5758
849 431 1044 506 ...25-

322 677 415 749 aqu
428 679 450 730 a
463 680 497 730 m
528 659 731 750 intellegere
756 659 905 752 videtur,
933 683 1023 753 quae
1049 683 1111 753 per
1136 682 1252 734 ramos
1290 664 1408 752 pomis
1433 669 1576 736 onustos

324 789 427 864 etad
453 799 582 865 terram
609 792 776 868 demissos
801 794 914 867 fluens
940 798 1125 886 strepitum
1147 795 1230 885 edit3
1257 795 1349 887 quod
1376 804 1410 869 et
1436 818 1477 869 ex
1503 797 1577 868 eius

323 924 438 999 verbis
478 914 796 1032 ῥευμάτων
832 919 1027 1002 ποικιλία
1068 936 1102 1000 et
1140 928 1184 1001 ad
1220 929 1388 1036 ψύχρον
1414 919 1577 1030 ὕδωρ

291 1071 292 1079 ’
324 1060 442 1135 addito
468 1063 626 1136 concludi
652 1072 775 1154 potest.
802 1063 970 1138 Attamen
997 1061 1321 1143 adcurruntque
1335 1063 1438 1157 quod
1464 1067 1578 1158 sequi-

323 1204 382 1271 tur
407 1199 492 1271 satis
517 1220 689 1293 superque
715 1201 867 1275 ostendit
879 1201 944 1274 sub
970 1202 1142 1305 ψύχρον
1168 1223 1250 1275 voce
1276 1223 1334 1274 au
1349 1223 1450 1274 ram
1476 1201 1578 1275 intel-

323 1333 505 1424 legendam
531 1356 616 1428 esse,
657 1338 808 1430 (utiam
845 1336 945 1410 Neue
981 1337 1003 1408 l.
1030 1337 1052 1409 l.
1092 1359 1125 1429 p.
1168 1341 1212 1409 37
1246 1358 1296 1430 sq.
1336 1336 1452 1430 vidit),
1489 1358 1580 1429 quae

326 1469 615 1561 circumstrepens
639 1471 780 1545 frondes
807 1473 971 1545 concutit.
1011 1470 1147 1564 Quibus
1185 1464 1366 1564 perpensis
1403 1471 1580 1544 rhetorem

324 1605 361 1675 in
375 1603 559 1678 afferendis
573 1605 736 1697 Sapphus
748 1607 865 1680 verbis
891 1607 1131 1698 neglegentius
1153 1606 1265 1695 egisse
1283 1605 1384 1677 facile
1399 1602 1576 1677 concedes.

812 1985 814 1992 Α
887 1873 1001 1946 XVI.

425 2104 570 2178 Ovidius
597 2113 730 2179 mutato
756 2127 872 2179 rerum
911 2113 1006 2180 statu
1032 2109 1224 2181 sententias
1251 2128 1387 2199 quoque
1429 2128 1471 2178 ex
1496 2104 1582 2197 Sap

327 2243 418 2335 phus
444 2241 657 2314 carminibus
681 2242 809 2332 petitas
835 2239 1045 2314 immutabat
1061 2241 1107 2333 lJ.
1139 2241 1192 2313 lta
1218 2264 1249 2312 v.
1278 2244 1347 2313 201
1377 2260 1427 2331 sq.
1454 2239 1582 2331 postm-

330 2397 386 2449 am
412 2397 569 2449 maerore
594 2375 759 2456 afflictam
785 2374 1005 2447 Lesbias
1043 2355 1250 2466 puellas
1289 2395 1385 2447 ase
1410 2396 1582 2447 arceu-

331 2518 426 2584 tem
450 2510 545 2600 iacit,
572 2508 698 2600 quibus
724 2507 768 2581 ad
794 2530 832 2580 se
857 2509 1015 2581 invitatis
1041 2510 1118 2601 ipsu
1143 2511 1230 2601 frag.
1262 2514 1303 2582 11
1332 2530 1383 2581 se
1415 2515 1583 2582 canta-

329 2650 493 2716 turam
520 2662 632 2715 esse
656 2644 825 2733 promisit:

440 2976 556 3044 'lidum
575 2978 610 3032 ab
630 2975 723 3033 Ouidio
743 2975 814 3031 alias
833 2988 937 3042 quoque
956 2975 1118 3031 factitatum
1137 2988 1194 3030 esse
1213 2974 1307 3030 docuit
1325 2975 1430 3046 noyer,
1450 2975 1498 3042 qui
1516 2976 1585 3033 llor-

332 3084 392 3125 mae
412 3070 440 3126 'l.
459 3069 501 3124 Xll
519 3069 555 3135 (a.
577 3068 655 3132 1885)
672 3081 698 3134 p.
721 3068 768 3124 101
798 3079 854 3132 sqq.
885 3065 1008 3122 Ovidium
1036 3065 1067 3120 in
1094 3065 1150 3121 alio
1177 3079 1272 3121 rerum
1299 3067 1374 3120 statu
1403 3080 1436 3120 ea
1463 3066 1584 3132 quaein

332 3156 478 3226 Euripiden
498 3155 648 3211 Protesilao
667 3154 784 3208 narrata
803 3141 891 3222 eraut,
919 3153 950 3207 in
968 3154 1032 3209 lllll
1050 3152 1168 3208 Heroide
1188 3152 1331 3222 aptissime
1360 3153 1390 3208 in
1409 3168 1488 3209 usum
1507 3169 1586 3210 suum

333 3247 500 3304 convertisse
520 3244 728 3315 demonstravit
747 3243 781 3300 cf.
802 3243 923 3299 llhuald.
943 3245 962 3299 l.
982 3244 1001 3299 l.
1022 3259 1047 3312 p.
1070 3243 1128 3300 156.

441 3336 524 3402 Quam
553 3336 628 3391 viam
656 3349 688 3389 ac
705 3334 843 3388 rationem
872 3332 1079 3388 scribendorum
1107 3333 1260 3390 carminum
1287 3336 1370 3403 poeta
1398 3334 1535 3403 imprimis
1554 3336 1584 3390 in

332 3425 575 3495 Metamorphosesi
594 3424 753 3493 saepissime
772 3423 846 3493 iniit,
865 3424 897 3478 ut
915 3424 936 3493 Ι,
957 3424 1098 3480 293-306
1126 3422 1314 3478 internarum
1342 3423 1523 3524 inundatione
1541 3423 1589 3479 dc·

334 3513 488 3572 scribenda:

816 3629 821 3640 .
844 3630 849 3640 .
872 3629 877 3640 .
898 3584 996 3639 cumba
1015 3583 1092 3640 sedet
1111 3585 1185 3640 alter
1204 3583 1311 3640 adunca

548 3680 576 3733 et
594 3676 670 3732 ducit
687 3690 777 3732 remos
796 3675 857 3731 illic
875 3673 923 3729 ubi
941 3688 1031 3743 nuper
1050 3675 1155 3729 ararat:
1251 3689 1255 3703 ‘

547 3766 598 3823 illc
617 3780 701 3835 supra
719 3765 826 3833 segetes
845 3764 893 3818 au't
912 3777 1018 3818 mersae
1038 3763 1160 3819 culmina
1180 3763 1266 3819 villae

547 3856 671 3924 navigat:
689 3854 736 3910 bio
754 3869 859 3908 summa
877 3853 981 3923 piscem
1000 3852 1149 3922 deprendit
1166 3852 1197 3906 iu
1215 3855 1297 3909 ulmo.

547 3946 648 4014 figitur
666 3944 697 3998 in
715 3942 808 4013 viridi,
828 3942 852 3997 si
871 3942 1024 4013 sustulit,
1044 3955 1148 3997 aneora
1167 3944 1256 4014 prato,

548 4038 597 4092 aut
616 4035 739 4090 subiecta
757 4034 853 4088 terunt
872 4047 972 4088 curvae
993 4033 1087 4087 vineta
1106 4031 1227 4103 carinae3

549 4128 585 4195 et,
605 4123 755 4189 modoque
774 4122 894 4189 graciles
912 4135 1028 4189 gramen
1047 4135 1174 4190 carpsere
1194 4123 1327 4193 capellae,

548 4210 621 4251 nunc
639 4194 679 4249 ibi
698 4193 834 4250 deformes
853 4195 959 4262 ponunt
978 4207 1028 4247 sua
1047 4207 1163 4263 corpora
1181 4194 1293 4263 phocae.

549 4285 687 4341 mirantur
707 4284 756 4339 sub
776 4297 847 4350 aqua
866 4283 942 4337 lucos
961 4283 1095 4348 urbesque
1115 4281 1259 4350 domosque

548 4363 688 4443 Nereides,
708 4373 846 4439 silvasque
866 4373 963 4428 tenent
982 4371 1125 4441 delphines
1145 4373 1173 4427 et
1192 4374 1259 4429 altis

548 4465 692 4520 incursant
710 4462 796 4518 ramis
815 4462 976 4530 agitataque
995 4462 1095 4517 robora
1115 4463 1237 4531 pulsant.

543 4556 593 4609 uat
611 4554 694 4622 lupus
713 4553 787 4607 inter
806 4565 877 4621 oves,
897 4550 988 4606 fulvos
1007 4550 1085 4606 vobit
1103 4550 1177 4605 unda
1195 4553 1296 4622 leones,

548 4642 621 4698 unda
642 4643 719 4699 vehit
738 4643 834 4713 tigres,
853 4656 902 4694 nec
921 4641 994 4695 vires
1013 4639 1140 4695 fulminis
1160 4653 1235 4710 apro,

550 4745 632 4785 crura
650 4745 700 4784 nec
720 4733 813 4787 ablato
832 4732 949 4798 prosunt
968 4729 1073 4785 velocia
1092 4743 1180 4785 cerno.

442 4820 606 4892 Quibuscum
626 4820 842 4875 conferasbuius
863 4819 999 4890 epistulae
1019 4833 1062 4874 vv.
1074 4820 1188 4888 73-76,
1211 4819 1352 4897 dequibus
1372 4816 1484 4873 uiuida
1503 4832 1528 4892 p.
1550 4817 1592 4876 33.
