3804 5786
789 535 851 614 ι-
881 496 948 569 107
977 481 1035 550 -’

287 727 420 817 statuit,
446 725 624 817 id0potius
650 748 691 797 en
718 727 950 818 epithetorum
988 727 1220 799 constantium
1248 749 1337 819 quae
1376 727 1540 802 dicuntur

285 883 351 934 usu
377 859 617 952 explicandum
643 882 716 932 esse
741 861 889 933 videtur:
928 862 1086 954 quotiens
1125 862 1217 934 enim
1255 885 1282 934 e.
1313 885 1346 954 g.
1386 861 1539 935 Achilles

286 992 379 1085 apud
404 993 592 1065 Homerum
623 984 757 1081 πόδας
797 984 910 1080 &aar
950 995 1089 1085 dieitur,
1129 995 1188 1067 ubi
1227 1015 1304 1067 eum
1342 995 1408 1068 hac
1439 996 1477 1067 in
1502 1016 1540 1067 re
1639 1073 1642 1080 ,

286 1128 455 1238 excellere
473 1129 614 1201 minime
639 1130 761 1202 refert?
787 1131 946 1222 quotiens
972 1130 1107 1203 Aeneas
1136 1129 1229 1221 apud
1241 1129 1435 1221 Vergilium
1448 1131 1538 1222 pius,
1618 1097 1620 1102 ¹

285 1264 345 1337 uhi
371 1265 512 1336 minime
538 1285 624 1353 opus
649 1271 706 1336 est·
726 1264 872 1355 pietate?
890 1266 923 1358 t)
951 1264 1074 1357 Itaque
1100 1285 1175 1336 mea
1205 1263 1342 1357 quidem
1368 1264 1540 1356 sententia

285 1397 329 1470 ad
355 1397 596 1489 explicandum
634 1420 736 1490 quam
775 1397 819 1470 ad
845 1398 1103 1471 resarciendum
1130 1398 1242 1470 locum
1277 1398 1460 1488 confugere
1485 1417 1540 1469 sa-

285 1535 356 1606 tius
382 1536 459 1606 erit.
1075 1603 1077 1609 ,
1552 1589 1557 1597 .

383 1660 426 1731 V.
446 1663 514 1731 100
529 1657 777 1748 verba‘„Leshi
803 1655 952 1750 puella“‘',
979 1660 1105 1750 quibus
1118 1660 1241 1731 Phaon
1256 1658 1410 1732 Lesbum
1435 1656 1539 1728 relin-

254 1767 260 1774 ¹
285 1815 393 1886 quens
418 1793 586 1883 poetriam
613 1793 739 1885 alloqui
766 1790 923 1884 debebat,
950 1792 1051 1864 Mure
1076 1792 1098 1862 l.
1126 1792 1149 1864 l.
1177 1814 1210 1881 p.
1240 1797 1308 1866 592
1336 1790 1539 1864 documento

284 1949 357 2000 esse
382 1932 483 2018 putat
498 1925 718 2016 Sapphonem
744 1947 854 2018 neque
881 1948 959 1999 oum
986 1948 1159 2018 quoquam
1187 1927 1346 2016 coniugio
1371 1926 1538 2017 iunctam,
1590 1958 1593 1964 ¹

285 2083 395 2154 neque
419 2060 572 2150 viduam,
603 2059 662 2132 sed
690 2060 851 2132 caelibem
876 2055 1062 2153 fuissett).
1091 2062 1246 2153 Quocum
1286 2059 1430 2131 minime
1454 2059 1539 2132 faoi·
1573 2039 1577 2090 Ψ

286 2219 381 2272 emus
408 2219 519 2289 neque
545 2198 639 2269 vocis
665 2196 799 2286 puellae
825 2198 895 2270 vim
923 2184 1145 2288 urgebimus,¹
1164 2217 1255 2286 quae
1281 2196 1346 2267 hoo
1370 2195 1444 2267 looo
1469 2215 1539 2266 non

284 2329 328 2406 ad
355 2337 588 2422 aetatem,
616 2329 675 2401 sed
713 2336 851 2403 tantum
878 2329 922 2402 ad
948 2351 1115 2401 sexum
1161 2327 1414 2419 designandum
1439 2327 1539 2399 adhi-

284 2467 358 2539 ma
384 2486 487 2537 sensu
513 2464 635 2536 latiore
660 2464 898 2535 feminam
924 2465 1111 2554 signifieat.
1140 2463 1253 2537 Simili
1268 2434 1367 2536 inodo
1389 2459 1538 2534 Ovidius

285 2601 397 2690 Epist.
424 2596 451 2688 Ι,
481 2602 500 2669 3
528 2596 645 2670 eodem
672 2596 777 2670 verbo
803 2619 887 2669 usus
913 2605 975 2669 est:

441 2732 545 2805 Troia
570 2731 662 2802 iacet
688 2736 791 2822 certe,
819 2729 951 2802 Danais
972 2731 1086 2803 invisa
1111 2730 1283 2821 puelli
1297 2751 1324 2802 s.

286 2868 367 2942 Non
393 2869 485 2940 enim
510 2868 664 2956 virgines
703 2865 855 2939 Graecae
894 2867 1033 2939 Troiam
1073 2866 1291 2940 detestantur
1315 2870 1458 2957 propter
1483 2887 1540 2938 eo·-

285 3026 373 3096 rum,
402 3004 529 3096 quibus
567 3002 713 3093 nubant,
753 3005 919 3093 inopiam,
947 3002 1006 3074 sed
1032 3003 1149 3092 potins
1175 3022 1362 3073 uxores
1389 2998 1539 3086 Graeco·

285 3159 363 3209 rum
391 3145 511 3209 eontra
549 3137 689 3208 Troiam
727 3138 972 3227 profectorum,
1018 3141 1057 3206 ut
1094 3136 1171 3225 ipsa
1209 3135 1392 3226 Penelopa,
1433 3154 1537 3225 quam
1575 3117 1578 3124 ⁴

284 3277 385 3362 poeta
410 3270 505 3344 illam
531 3271 714 3361 epistulam
740 3270 948 3343 scribentem
961 3269 1055 3341 facit.
1083 3267 1204 3361 Neque
1218 3268 1320 3339 aliter
1332 3265 1535 3359 Laodamia,

284 3404 467 3477 Protesilai
495 3426 591 3495 uxor,
619 3404 684 3475 hoo
709 3404 814 3476 verbo
841 3425 905 3474 usa
930 3410 983 3474 est
1008 3402 1120 3492 Epist.
1150 3402 1246 3490 XlIl,
1273 3425 1305 3473 v.
1337 3405 1418 3475 105:
1484 3451 1487 3459 ·

645 3536 724 3608 Nox
749 3541 849 3626 grata
875 3535 1098 3626 puellistttl.

285 3669 394 3763 Quid?
432 3670 599 3742 Horatius
626 3689 763 3760 quoque
800 3669 912 3758 ipsam
938 3666 1160 3758 Sapphonem
1196 3666 1312 3740 Carm.
1340 3666 1401 3752 IV,
1431 3670 1464 3757 9,
1494 3670 1537 3737 12

289 3805 539 3894 „Aeoliam
565 3802 808 3894 puellam“
839 3802 1044 3873 nominavit:

292 4018 402 4025 ...-

390 4139 414 4206 ·)
433 4138 524 4197 Simili
551 4136 629 4192 modo
657 4136 765 4194 lleroid.
795 4137 851 4192 llll
879 4138 912 4194 23
940 4138 1054 4205 Pelasgo
1082 4137 1162 4191 nulla
1191 4136 1267 4191 oerta
1307 4134 1415 4190 ratione
1444 4133 1539 4189 addita

283 4227 413 4297 magni
432 4228 574 4297 epitheton
593 4226 717 4282 additum
737 4227 785 4282 est.
805 4226 866 4281 Birt
884 4226 943 4296 ipse
962 4228 1011 4283 l.l.
1034 4242 1060 4296 p.
1073 4228 1126 4283 424
1150 4226 1353 4282 imbellem
1373 4240 1434 4281 eum
1458 4225 1540 4281 vocat

284 4318 437 4385 ibidemque
456 4333 482 4387 p.
501 4318 553 4374 416
573 4316 645 4373 illud
664 4316 921 4372 adieetivumnon
948 4318 1034 4371 sine
1063 4317 1173 4372 oerto
1193 4329 1336 4384 graeco
1357 4317 1537 4384 exemplo

284 4409 319 4463 ab
340 4407 434 4464 Ouidio
454 4406 611 4476 appositum
631 4420 687 4460 osse
706 4405 813 4461 statuit.
835 4405 884 4472 oui
903 4405 927 4460 si
947 4406 1000 4460 sibi
1020 4408 1145 4461 oonstare
1165 4406 1300 4461 voluisset
1309 4420 1394 4473 neque
1406 4405 1441 4460 ad
1451 4405 1539 4461 aliam

284 4496 416 4552 amussim
435 4496 569 4566 Ovidium,
589 4496 624 4550 ad
642 4495 728 4551 aliam
746 4495 819 4549 huno
839 4509 918 4561 quem
945 4495 1015 4550 dioit
1034 4495 1186 4550 Neroneum
1214 4496 1326 4564 poetam
1344 4494 1537 4565 recensuisset,

283 4588 330 4642 hio
348 4599 452 4652 quoquo
472 4584 566 4640 eadem
586 4585 768 4653 explicatione
788 4584 831 4639 uti
850 4585 974 4640 debehat.

378 4673 415 4740 **)
433 4673 735 4739 Who-inquit-oan
762 4673 869 4729 believe
897 4674 961 4728 that
990 4673 1100 4730 dvid...
1121 4672 1210 4729 would
1239 4673 1311 4728 have
1339 4671 1418 4727 made
1446 4672 1539 4730 Phaon

285 4765 378 4822 adress
397 4779 413 4818 a
432 4762 534 4816 middle
554 4761 623 4830 aged
642 4762 737 4817 uidow
757 4762 796 4831 hy
814 4763 861 4817 the
880 4764 945 4818 title
965 4763 995 4817 of
1014 4762 1110 4818 «Lesbi
1128 4762 1254 4832 puellas?

364 4850 415 4919 ***)
433 4851 495 4912 dlis
514 4851 647 4910 ovidiana
669 4853 792 4927 exempla
809 4867 833 4910 v.
854 4852 927 4929 apud
950 4853 1035 4913 Vries.
1055 4854 1075 4909 l.
1087 4854 1106 4909 l.
1125 4867 1152 4928 p.
1173 4854 1215 4914 78,
