3822 5758
823 417 1018 492 ..43-

291 654 395 742 atque
419 649 664 724 exercitatione
702 652 843 726 edoctus
881 655 1035 726 evitavit.
1077 654 1173 745 Quae
1210 649 1296 722 mihi
1334 652 1544 742 gravissima

291 802 396 856 causa
433 782 581 876 videtur,
621 785 712 878 quod
737 789 775 860 in
802 788 868 860 hac
908 788 1056 898 epistula
1082 785 1152 860 non
1177 787 1293 860 omnia
1319 785 1363 858 ad
1389 806 1541 877 unguem

288 920 459 1010 perpolita
484 921 713 1011 reperiantur.

388 1054 575 1145 Quaeritur
614 1061 739 1147 autem,
779 1055 863 1148 quid
900 1054 1121 1129 statuendum
1147 1057 1194 1127 sit
1218 1054 1263 1128 de
1288 1055 1366 1127 Art.
1394 1076 1462 1126 am.
1489 1054 1541 1126 III

288 1210 320 1259 v.
350 1190 431 1279 346,
459 1188 519 1260 ubi
546 1188 693 1262 Ovidius
719 1210 756 1261 sc
781 1191 896 1280 ipsum
935 1187 1034 1262 ‘illud
1061 1210 1146 1281 opus
1173 1188 1252 1260 aliis
1279 1189 1449 1281 ignotum,
1477 1210 1539 1261 no·
1657 1204 1663 1212 ·
1699 1180 1708 1196 ’

288 1321 397 1396 vasse’
425 1324 590 1396 testatur?
628 1323 718 1396 Mihi
758 1322 896 1417 quidem
936 1322 1087 1395 Nasonis
1112 1322 1219 1396 verba
1240 1343 1310 1394 non
1336 1323 1387 1395 ita
1412 1323 1540 1415 accipi·

288 1457 378 1531 enda
403 1479 477 1531 esse
501 1457 675 1550 videnlur,
714 1465 889 1551 tamquam
916 1458 953 1529 in
981 1457 1181 1531 universum
1213 1457 1364 1548 valeant,
1392 1455 1538 1531 Ovidius

287 1594 379 1666 enim
418 1599 555 1666 tantum
594 1595 632 1665 in
656 1592 857 1665 latinas
883 1591 1101 1664 litteras
1135 1589 1303 1662 eiusmodi
1328 1590 1493 1683 epistulas
1518 1612 1539 1662 a

265 1751 322 1804 se
347 1729 508 1802 inductas
534 1751 607 1801 esse
632 1728 777 1818 gloriari
814 1725 961 1799 videtur.
1005 1726 1100 1817 Quae
1125 1726 1155 1796 si
1182 1731 1275 1798 recte
1301 1724 1459 1818 disserui,
1501 1728 1539 1799 in

286 1864 352 1936 hac
379 1885 513 1958 quoque
538 1886 575 1936 re
599 1863 748 1936 Romani
774 1868 895 1953 poetae
920 1861 1053 1951 ingenii
1078 1860 1166 1952 laus,
1193 1861 1252 1952 qui
1268 1860 1409 1933 illarum
1436 1863 1538 1934 utita

285 1996 399 2069 dicam
424 2018 598 2088 nugarum
622 1997 782 2069 inventor
808 2015 882 2067 esse
906 1994 1082 2084 invulgus
1095 1992 1259 2085 creditur,
1285 1994 1529 2086 restringenda

285 2140 388 2226 atque
413 2132 652 2206 imminuenda
677 2132 754 2204 erit.

799 2323 1012 2330 ——.-.—-—--—

382 2501 477 2573 Haec
501 2502 572 2574 fere
598 2509 690 2593 sunt,
729 2523 817 2594 quae
843 2499 948 2572 adid
974 2499 1065 2593 quod
1090 2501 1269 2593 posuimus
1294 2499 1535 2573 demonstran-

284 2633 367 2707 dum
393 2633 509 2706 afferri
535 2656 634 2726 posse
648 2633 843 2707 videantur.
872 2634 1026 2725 Quorum
1041 2635 1161 2706 messis
1174 2612 1313 2725 praeter
1337 2634 1534 2726 opinionem

284 2776 355 2842 tarn
382 2769 482 2860 larga
508 2771 627 2862 euasit,
655 2771 841 2863 (imprimis
867 2771 897 2841 si
916 2770 1021 2843 exiles
1046 2769 1208 2861 Sapphus
1234 2770 1429 2843 carminum
1454 2768 1533 2841 reli·

281 2905 380 2996 quias
405 2906 576 2996 respicis),
602 2901 910 2979 utracemantibus
935 2925 1046 2996 pauca
1071 2911 1207 2978 tantum
1233 2905 1413 2997 reliquisse
1438 2901 1533 2977 vide·

279 3060 390 3147 amur.
418 3038 583 3111 Attamen
608 3039 745 3110 etiamsi
766 3035 945 3109 dimidiam
970 3043 1249 3142 partemporum
1274 3059 1362 3131 quae
1387 3037 1532 3129 protuli·

174 3167 177 3175 ’
280 3194 355 3271 mus
381 3173 521 3244 missam
559 3172 677 3263 facias,
718 3171 844 3265 quippe
882 3171 980 3262 quasi
1018 3172 1122 3243 nimis
1160 3176 1322 3261 urgentes
1354 3171 1529 3246 interdum

279 3303 544 3379 similitudinem
581 3306 631 3377 ibi
656 3303 842 3395 indagasse
857 3304 967 3400 ,nobis
994 3303 1182 3396 videamur,
1224 3302 1284 3377 ubi
1321 3311 1361 3378 tu
1399 3306 1530 3379 nullam

279 3447 419 3514 statues:
460 3441 687 3513 nihilominus
725 3460 766 3512 ea
804 3461 939 3532 quoque
975 3437 1120 3511 dimidia
1157 3460 1251 3532 pars,
1276 3435 1373 3533 'quae
1397 3441 1530 3534 reliqua

278 3577 354 3668 erit,
387 3575 535 3648 sufficiet
560 3574 604 3647 ad
631 3575 938 3649 demonstrandum
965 3573 1130 3649 Ovidium
1158 3596 1229 3648 non
1255 3576 1365 3648 solum
1391 3582 1530 3650 senten·

245 3711 355 3802 tias,
381 3710 532 3802 fabulas,
571 3711 752 3801 imagines,
793 3709 960 3800 singulas·
989 3711 1146 3783 notiones
1184 3731 1225 3783 ex
1265 3711 1350 3802 ipsis
1375 3714 1529 3801 poetriae

278 3845 490 3918 carminibus
517 3850 713 3916 mutuatum
739 3865 821 3917 suae
835 3844 1003 3934 epistulae
1023 3843 1309 3936 accommodasse,
1336 3842 1396 3917 sed
1422 3847 1529 3919 etiam

276 3984 387 4079 totum
414 3997 554 4050 carmen
579 3976 623 4049 ad
648 3979 801 4069 poetriae
826 3977 1053 4070 archetypum
1085 3980 1326 4070 composuisse.
1355 3979 1526 4070 Quamob-

276 4136 348 4186 rem
372 4119 485 4206 pocta,
512 4112 542 4184 si
568 4113 762 4205 aequalium
803 4112 940 4186 cuidam
967 4135 1066 4186 suam
1092 4113 1278 4187 Heroidcm
1306 4114 1525 4208 dedicaverit,

277 4245 417 4320 Graecis
443 4248 605 4340 anonymi
630 4252 750 4336 poetae
777 4247 845 4336 (ap.
872 4246 999 4336 Bergk.
1027 4245 1179 4338 adespot.
1203 4249 1292 4338 frag.
1321 4253 1382 4342 62)
1409 4248 1525 4321 verbis

232 4377 237 4388 '
275 4402 358 4453 usus
383 4387 475 4453 recte
500 4403 541 4452 ac
566 4383 688 4453 merito
714 4379 827 4452 dicere
852 4383 974 4471 potuit:

373 4549 443 4623 'Ea
468 4547 656 4646 Σάπφως
683 4543 776 4623 τόδ’
801 4541 1093 4648 εἰμελγόμευος
1121 4544 1224 4650 μέλι
1254 4577 1325 4626 τοι
1341 4551 1472 4660 φέρω.

926 4781 1008 4788 -..-—...
