3804 5786
432 1822 521 1895 Cum
545 1830 645 1896 tanto
670 1823 822 1896 locorum
850 1847 891 1897 ex
917 1824 1079 1915 Sapphus
1094 1825 1306 1897 carminibus
1327 1824 1586 1917 desumptorum

334 1979 477 2030 numero
503 1957 643 2031 collecto
670 1960 808 2049 penitus
833 1959 1109 2049 perspexerimus
1134 1957 1304 2050 planeque
1326 1961 1588 2048 cognoverimus

335 2087 500 2164 Ovidium
523 2091 686 2182 Sapphus
724 2091 908 2182 epistulam
947 2091 1216 2181 compositurum
1255 2090 1299 2164 ad
1325 2095 1481 2184 poetriae
1513 2115 1588 2165 car-

238 2245 243 2256 ·
334 2228 429 2299 mina
454 2234 617 2299 accurate
642 2227 826 2299 ediscenda
849 2249 926 2298 sese
953 2229 1173 2318 convertisse,
1208 2230 1287 2319 ipsa
1312 2230 1461 2319 epistula
1487 2227 1590 2320 longe

334 2361 475 2432 maximi
501 2361 666 2432 momenti
691 2361 782 2431 inter
808 2362 1006 2432 testimonia
1031 2358 1075 2432 ad
1101 2362 1269 2450 poetriam
1305 2363 1500 2451 spectantia
1526 2361 1589 2434 ha-

333 2491 448 2565 benda
474 2498 536 2564 est.
564 2491 688 2584 Itaque
726 2495 868 2566 ierimus
907 2491 1001 2565 haud
1040 2491 1215 2565 infirmum
1248 2494 1524 2584 fundamentum,
1551 2496 1589 2566 in

335 2649 404 2720 quo
429 2629 630 2699 insistentes
656 2627 752 2699 salva
778 2629 915 2700 ratione
953 2628 990 2697 in
1014 2626 1135 2698 multis
1161 2628 1273 2718 iisque
1304 2627 1520 2718 gravissimis
1548 2626 1590 2698 de

335 2764 471 2852 poetria
510 2761 769 2854 quaestionibus
809 2759 982 2834 solvendis
1019 2760 1128 2840 multo
1159 2760 1383 2834 verisimilius
1422 2760 1589 2833 iudicium

336 2896 427 2969 ferre
451 2898 633 2987 possimus,
673 2917 776 2988 quam
815 2891 929 2966 adhuc
966 2893 1082 2985 fiebat,
1122 2916 1198 2966 cum
1238 2895 1394 2967 homines
1431 2894 1589 2984 litterati,

336 3030 507 3120 imprimis
532 3029 754 3119 recentiores
787 3027 883 3099 falsis
909 3027 1130 3117 opinionibus
1156 3026 1289 3099 seducti
1329 3049 1368 3100 eo
1393 3027 1484 3120 quod
1509 3049 1590 3119 gra-

335 3165 515 3245 vissimum
541 3163 616 3234 erat
641 3162 837 3234 testimonio
874 3167 1015 3251 resputo
1054 3162 1211 3232 certatim
1250 3161 1450 3233 coniciendo
1489 3168 1590 3233 etex

335 3295 473 3368 silentio
499 3302 680 3367 auctorum
707 3293 940 3367 concludendo
967 3293 1012 3366 ad
1037 3296 1219 3368 veritatem
1257 3295 1401 3386 propius
1426 3294 1591 3367 accedere

232 3409 234 3413 ⁸
336 3438 545 3503 conarentur
561 3431 608 3521 *).
649 3429 722 3501 Iam
755 3431 864 3520 igitur
902 3425 946 3501 ad
972 3429 1111 3520 singula
1136 3428 1349 3502 accedamus.
1392 3429 1482 3502 Sane
1519 3451 1589 3502 non

336 3549 504 3637 hahemus
529 3567 566 3637 in
592 3565 707 3637 animo
745 3551 858 3638 totam
892 3565 935 3635 de
972 3566 1105 3656 poetria
1144 3565 1344 3655 opinionum
1376 3565 1590 3656 farraginem

336 3695 667 3790 recensere-(sunt
695 3701 787 3771 enim
813 3697 981 3791 quaedam
1008 3699 1186 3789 eiusmodi,
1226 3705 1333 3770 utne
1359 3699 1414 3770 hls
1451 3699 1590 3792 quidem
1686 3713 1690 3726 ·

336 3833 670 3908 auxiliisadhihitis
696 3832 884 3924 quidquam
909 3830 1029 3922 profici
1056 3853 1156 3922 posse
1181 3831 1418 3926 videatur)-;
1444 3840 1481 3906 at
1494 3833 1591 3907 volu-

336 3987 412 4038 mus
438 3967 609 4058 imprimis
636 3986 677 4037 ea
702 3965 859 4054 seligere,
898 3986 987 4056 quae
1026 3985 1067 4036 ex
1094 3963 1268 4037 Ouidiana
1305 3964 1454 4058 epistula
1485 3963 1591 4039 ducta

337 4181 763 4208 W*

445 4314 468 4382 ⁸)
496 4317 596 4371 locere
624 4329 680 4370 uon
707 4329 825 4383 possum,
853 4313 921 4379 quin
948 4311 1084 4368 Welclreri
1113 4312 1191 4368 illius
1219 4309 1434 4381 ingeniosissimi
1465 4313 1590 4382 poetriae

336 4405 448 4474 patroni
467 4405 632 4460 seutentiam
652 4417 796 4472 epponem,
816 4416 885 4468 quae
904 4403 935 4457 in
953 4402 1111 4458 uuiversum
1132 4402 1208 4457 diota
1226 4402 1279 4457 hae
1297 4416 1402 4468 quoque
1421 4401 1592 4472 uostrodis·

336 4493 484 4558 quisitione
511 4494 612 4562 optime
632 4493 774 4564 probatum
794 4491 870 4546 ouius
898 4492 984 4547 verba
1012 4493 1077 4545 suut
1102 4495 1136 4555 (v.
1165 4491 1207 4546 Ill.
1238 4489 1380 4547 Schriften
1406 4492 1435 4546 ΙΙ
1463 4506 1489 4559 p.
1522 4493 1591 4557 laet

339 4581 410 4638 «huf
424 4581 488 4650 jede
507 4585 630 4650 gnoscere
649 4581 705 4636 und
723 4579 857 4636 tiefer
876 4579 1125 4647 hegriiudete
1144 4579 1290 4634 Wuhrheit
1308 4579 1438 4634 beuiehen
1462 4581 1522 4635 sloh
1540 4581 1592 4636 im·

337 4687 395 4731 mer
414 4674 487 4728 viele
506 4671 738 4741 untergeordnete
757 4671 896 4739 hingo...
925 4671 959 4725 Ide
978 4670 1015 4724 ist
1035 4669 1083 4724 der
1103 4670 1320 4726 Neheuvortheil
1349 4669 1397 4724 dor
1426 4669 1592 4726 eiufeeh

336 4761 550 4831 richtigen
578 4761 902 4830 Wahrnehmuug‚
935 4759 998 4814 dass
1026 4760 1065 4813 sie
1090 4774 1139 4814 zur
1168 4759 1358 4814 sicheren
1394 4757 1593 4814 Berichti-

336 4868 438 4924 guug
466 4854 598 4911 violer
627 4852 778 4908 anderu
805 4849 1015 4908 Umstaude
1045 4848 1119 4906 und
1142 4849 1425 4918 Beziehuugen
1452 4848 1593 4904 Veran-

342 4943 509 5012 lessung
536 4939 675 5012 gicht».

1360 5049 1380 5118 5
