<?xml version="1.0" encoding="UTF-8"?>
<!DOCTYPE html PUBLIC "-//W3C//DTD XHTML 1.0 Transitional//EN"
    "http://www.w3.org/TR/xhtml1/DTD/xhtml1-transitional.dtd">
<html xmlns="http://www.w3.org/1999/xhtml" xml:lang="en" lang="en">
 <head>
  <title>
</title>
<meta http-equiv="Content-Type" content="text/html;charset=utf-8" />
  <meta name='ocr-system' content='tesseract 3.04.00' />
  <meta name='ocr-capabilities' content='ocr_page ocr_carea ocr_par ocr_line ocrx_word'/>
</head>
<body>
  <div class='ocr_page' id='page_1' title='image "./quaestionessapp00lugoog_0026.png"; bbox 0 0 3822 5758; ppageno 0'>
   <div class='ocr_carea' id='block_1_1' title="bbox 750 1489 1104 1630">
    <p class='ocr_par' dir='ltr' id='par_1_1' title="bbox 750 1489 1104 1630">
     <span class='ocr_line' id='line_1_1' title="bbox 750 1489 1104 1630; baseline -0.014 -24"><span class='ocrx_word' id='word_1_1' title='bbox 750 1489 1104 1630; x_wconf 81' lang='lat' dir='ltr'>Oapuil</span> 
     </span>
    </p>
   </div>
   <div class='ocr_carea' id='block_1_2' title="bbox 265 1761 1555 1970">
    <p class='ocr_par' dir='ltr' id='par_1_2' title="bbox 265 1761 1555 1970">
     <span class='ocr_line' id='line_1_2' title="bbox 265 1761 1555 1866; baseline -0.005 -25"><span class='ocrx_word' id='word_1_2' title='bbox 265 1772 267 1776; x_wconf 80' lang='grc'>’</span> <span class='ocrx_word' id='word_1_3' title='bbox 299 1773 361 1840; x_wconf 91' lang='lat' dir='ltr'>De</span> <span class='ocrx_word' id='word_1_4' title='bbox 387 1769 582 1866; x_wconf 82' lang='lat' dir='ltr'>Sapphus</span> <span class='ocrx_word' id='word_1_5' title='bbox 608 1763 866 1834; x_wconf 83' lang='lat' dir='ltr'>carminibus</span> <span class='ocrx_word' id='word_1_6' title='bbox 892 1762 1122 1834; x_wconf 87' lang='lat' dir='ltr'>ovidianae</span> <span class='ocrx_word' id='word_1_7' title='bbox 1136 1761 1332 1846; x_wconf 83' lang='lat' dir='ltr'>Sapphus</span> <span class='ocrx_word' id='word_1_8' title='bbox 1349 1765 1555 1847; x_wconf 80' lang='lat' dir='ltr'><strong>epistulae</strong></span> 
     </span>
     <span class='ocr_line' id='line_1_3' title="bbox 742 1884 1370 1970; baseline 0.002 -15"><span class='ocrx_word' id='word_1_9' title='bbox 742 1886 860 1959; x_wconf 80' lang='lat' dir='ltr'>fonte</span> <span class='ocrx_word' id='word_1_10' title='bbox 898 1887 1113 1970; x_wconf 87' lang='lat' dir='ltr'>primario.</span> <span class='ocrx_word' id='word_1_11' title='bbox 1367 1884 1370 1889; x_wconf 83' lang='grc'><strong>’</strong></span> 
     </span>
    </p>
   </div>
   <div class='ocr_carea' id='block_1_3' title="bbox 222 2130 1650 4372">
    <p class='ocr_par' dir='ltr' id='par_1_3' title="bbox 222 2130 1650 4372">
     <span class='ocr_line' id='line_1_4' title="bbox 401 2130 1557 2226; baseline -0.002 -17"><span class='ocrx_word' id='word_1_12' title='bbox 401 2137 510 2210; x_wconf 87' lang='lat' dir='ltr'>Nemo</span> <span class='ocrx_word' id='word_1_13' title='bbox 536 2140 589 2206; x_wconf 90' lang='lat' dir='ltr'>est</span> <span class='ocrx_word' id='word_1_14' title='bbox 614 2154 714 2224; x_wconf 88' lang='lat' dir='ltr'>quem</span> <span class='ocrx_word' id='word_1_15' title='bbox 740 2133 849 2222; x_wconf 81' lang='lat' dir='ltr'>fugiat</span> <span class='ocrx_word' id='word_1_16' title='bbox 876 2130 1040 2204; x_wconf 85' lang='lat' dir='ltr'>Ovidium</span> <span class='ocrx_word' id='word_1_17' title='bbox 1066 2152 1128 2221; x_wconf 89' lang='lat' dir='ltr'>per</span> <span class='ocrx_word' id='word_1_18' title='bbox 1157 2131 1266 2204; x_wconf 93' lang='lat' dir='ltr'>multa</span> <span class='ocrx_word' id='word_1_19' title='bbox 1299 2135 1435 2206; x_wconf 87' lang='lat' dir='ltr'>saecula</span> <span class='ocrx_word' id='word_1_20' title='bbox 1460 2137 1557 2226; x_wconf 93' lang='lat' dir='ltr'>inge-</span> 
     </span>
     <span class='ocr_line' id='line_1_5' title="bbox 301 2264 1557 2360; baseline -0.003 -14"><span class='ocrx_word' id='word_1_21' title='bbox 301 2271 538 2356; x_wconf 87' lang='lat' dir='ltr'>niosissimum</span> <span class='ocrx_word' id='word_1_22' title='bbox 564 2268 799 2339; x_wconf 91' lang='lat' dir='ltr'>Romanorum</span> <span class='ocrx_word' id='word_1_23' title='bbox 813 2271 991 2355; x_wconf 89' lang='lat' dir='ltr'>poetarum</span> <span class='ocrx_word' id='word_1_24' title='bbox 1006 2264 1164 2336; x_wconf 90' lang='lat' dir='ltr'>habitum</span> <span class='ocrx_word' id='word_1_25' title='bbox 1179 2267 1304 2357; x_wconf 52' lang='lat' dir='ltr'>essai).</span> <span class='ocrx_word' id='word_1_26' title='bbox 1333 2268 1428 2357; x_wconf 77' lang='lat' dir='ltr'>Quae</span> <span class='ocrx_word' id='word_1_27' title='bbox 1440 2271 1557 2360; x_wconf 90' lang='lat' dir='ltr'>opinio</span> 
     </span>
     <span class='ocr_line' id='line_1_6' title="bbox 301 2396 1559 2494; baseline -0.002 -18"><span class='ocrx_word' id='word_1_28' title='bbox 301 2400 554 2478; x_wconf 89' lang='lat' dir='ltr'>recentioribus</span> <span class='ocrx_word' id='word_1_29' title='bbox 580 2396 804 2489; x_wconf 83' lang='lat' dir='ltr'>temporibus,</span> <span class='ocrx_word' id='word_1_30' title='bbox 837 2418 914 2468; x_wconf 92' lang='lat' dir='ltr'>cum</span> <span class='ocrx_word' id='word_1_31' title='bbox 941 2396 978 2466; x_wconf 91' lang='lat' dir='ltr'>in</span> <span class='ocrx_word' id='word_1_32' title='bbox 1004 2396 1116 2468; x_wconf 88' lang='lat' dir='ltr'>fontes</span> <span class='ocrx_word' id='word_1_33' title='bbox 1142 2403 1247 2489; x_wconf 89' lang='lat' dir='ltr'>atque</span> <span class='ocrx_word' id='word_1_34' title='bbox 1265 2398 1406 2492; x_wconf 83' lang='lat' dir='ltr'>auxilia,</span> <span class='ocrx_word' id='word_1_35' title='bbox 1433 2401 1559 2494; x_wconf 90' lang='lat' dir='ltr'>quibus</span> 
     </span>
     <span class='ocr_line' id='line_1_7' title="bbox 222 2528 1558 2627; baseline -0.004 -15"><span class='ocrx_word' id='word_1_36' title='bbox 222 2568 224 2572; x_wconf 51' lang='lat'><strong><em>¹</em></strong></span> <span class='ocrx_word' id='word_1_37' title='bbox 303 2539 397 2612; x_wconf 85' lang='lat' dir='ltr'><strong>Naso</strong></span> <span class='ocrx_word' id='word_1_38' title='bbox 422 2534 598 2622; x_wconf 88' lang='lat' dir='ltr'>utebatur,</span> <span class='ocrx_word' id='word_1_39' title='bbox 626 2529 782 2602; x_wconf 88' lang='lat' dir='ltr'>homines</span> <span class='ocrx_word' id='word_1_40' title='bbox 808 2528 900 2601; x_wconf 90' lang='lat' dir='ltr'>docti</span> <span class='ocrx_word' id='word_1_41' title='bbox 926 2529 1123 2601; x_wconf 81' lang='lat' dir='ltr'>accuratius</span> <span class='ocrx_word' id='word_1_42' title='bbox 1150 2531 1328 2622; x_wconf 81' lang='lat' dir='ltr'><strong>inquirere</strong></span> <span class='ocrx_word' id='word_1_43' title='bbox 1355 2535 1558 2627; x_wconf 87' lang='lat' dir='ltr'>coepissent,</span> 
     </span>
     <span class='ocr_line' id='line_1_8' title="bbox 304 2664 1561 2764; baseline 0 -20"><span class='ocrx_word' id='word_1_44' title='bbox 304 2673 416 2763; x_wconf 92' lang='lat' dir='ltr'>magis</span> <span class='ocrx_word' id='word_1_45' title='bbox 442 2668 622 2761; x_wconf 77' lang='lat' dir='ltr'>magisque</span> <span class='ocrx_word' id='word_1_46' title='bbox 647 2666 910 2758; x_wconf 83' lang='lat' dir='ltr'>immutabatur,</span> <span class='ocrx_word' id='word_1_47' title='bbox 950 2666 1000 2737; x_wconf 90' lang='lat' dir='ltr'>ita</span> <span class='ocrx_word' id='word_1_48' title='bbox 1040 2673 1079 2739; x_wconf 89' lang='lat' dir='ltr'>ut</span> <span class='ocrx_word' id='word_1_49' title='bbox 1106 2664 1207 2738; x_wconf 89' lang='lat' dir='ltr'>hodie</span> <span class='ocrx_word' id='word_1_50' title='bbox 1247 2667 1341 2740; x_wconf 90' lang='lat' dir='ltr'>haud</span> <span class='ocrx_word' id='word_1_51' title='bbox 1378 2672 1561 2764; x_wconf 90' lang='lat' dir='ltr'>quisquam</span> 
     </span>
     <span class='ocr_line' id='line_1_9' title="bbox 304 2801 1562 2899; baseline -0.001 -18"><span class='ocrx_word' id='word_1_52' title='bbox 304 2807 514 2899; x_wconf 83' lang='lat' dir='ltr'>reperiatur,</span> <span class='ocrx_word' id='word_1_53' title='bbox 555 2804 614 2894; x_wconf 92' lang='lat' dir='ltr'>qui</span> <span class='ocrx_word' id='word_1_54' title='bbox 642 2823 717 2873; x_wconf 91' lang='lat' dir='ltr'>eam</span> <span class='ocrx_word' id='word_1_55' title='bbox 760 2807 957 2874; x_wconf 87' lang='lat' dir='ltr'>sustentare</span> <span class='ocrx_word' id='word_1_56' title='bbox 983 2801 1120 2893; x_wconf 85' lang='lat' dir='ltr'>audeat,</span> <span class='ocrx_word' id='word_1_57' title='bbox 1164 2801 1362 2894; x_wconf 91' lang='lat' dir='ltr'>etquidem</span> <span class='ocrx_word' id='word_1_58' title='bbox 1388 2806 1474 2878; x_wconf 91' lang='lat' dir='ltr'>iure:</span> <span class='ocrx_word' id='word_1_59' title='bbox 1502 2806 1562 2881; x_wconf 91' lang='lat' dir='ltr'>ubi</span> 
     </span>
     <span class='ocr_line' id='line_1_10' title="bbox 305 2934 1620 3030; baseline -0.001 -16"><span class='ocrx_word' id='word_1_60' title='bbox 305 2941 398 3014; x_wconf 92' lang='lat' dir='ltr'>enim</span> <span class='ocrx_word' id='word_1_61' title='bbox 437 2945 489 3011; x_wconf 89' lang='lat' dir='ltr'>est</span> <span class='ocrx_word' id='word_1_62' title='bbox 514 2935 619 3011; x_wconf 72' lang='lat' dir='ltr'>illud·</span> <span class='ocrx_word' id='word_1_63' title='bbox 641 2935 924 3026; x_wconf 87' lang='lat' dir='ltr'>ingenium,</span> <span class='ocrx_word' id='word_1_64' title='bbox 963 2934 1053 3026; x_wconf 90' lang='lat' dir='ltr'>quod</span> <span class='ocrx_word' id='word_1_65' title='bbox 1089 2936 1240 3030; x_wconf 91' lang='lat' dir='ltr'>summis</span> <span class='ocrx_word' id='word_1_66' title='bbox 1259 2935 1422 3009; x_wconf 84' lang='lat' dir='ltr'>laudibus</span> <span class='ocrx_word' id='word_1_67' title='bbox 1448 2939 1563 3013; x_wconf 87' lang='lat' dir='ltr'>efferri</span> <span class='ocrx_word' id='word_1_68' title='bbox 1616 2963 1620 2970; x_wconf 87' lang='lat'>·</span> 
     </span>
     <span class='ocr_line' id='line_1_11' title="bbox 306 3066 1563 3174; baseline -0.001 -28"><span class='ocrx_word' id='word_1_69' title='bbox 306 3074 447 3165; x_wconf 84' lang='lat' dir='ltr'>solebat,</span> <span class='ocrx_word' id='word_1_70' title='bbox 477 3073 506 3143; x_wconf 90' lang='lat' dir='ltr'>si</span> <span class='ocrx_word' id='word_1_71' title='bbox 533 3072 571 3143; x_wconf 94' lang='lat' dir='ltr'>in</span> <span class='ocrx_word' id='word_1_72' title='bbox 598 3066 780 3142; x_wconf 81' lang='lat' dir='ltr'>ovidianis</span> <span class='ocrx_word' id='word_1_73' title='bbox 807 3067 1077 3140; x_wconf 89' lang='lat' dir='ltr'>innumerabilia</span> <span class='ocrx_word' id='word_1_74' title='bbox 1102 3071 1250 3158; x_wconf 87' lang='lat' dir='ltr'>vestigia</span> <span class='ocrx_word' id='word_1_75' title='bbox 1290 3078 1326 3144; x_wconf 92' lang='lat' dir='ltr'>et</span> <span class='ocrx_word' id='word_1_76' title='bbox 1352 3070 1563 3174; x_wconf 67' lang='lat' dir='ltr'>Graecorum</span> 
     </span>
     <span class='ocr_line' id='line_1_12' title="bbox 307 3185 1650 3323; baseline -0.001 -42"><span class='ocrx_word' id='word_1_77' title='bbox 307 3215 343 3281; x_wconf 91' lang='lat' dir='ltr'>et</span> <span class='ocrx_word' id='word_1_78' title='bbox 366 3209 603 3306; x_wconf 72' lang='lat' dir='ltr'>Romanorum</span> <span class='ocrx_word' id='word_1_79' title='bbox 632 3185 827 3275; x_wconf 85' lang='lat' dir='ltr'>carminum</span> <span class='ocrx_word' id='word_1_80' title='bbox 853 3202 981 3295; x_wconf 92' lang='lat' dir='ltr'>ubique</span> <span class='ocrx_word' id='word_1_81' title='bbox 1020 3203 1174 3275; x_wconf 83' lang='lat' dir='ltr'>exstant?</span> <span class='ocrx_word' id='word_1_82' title='bbox 1214 3203 1564 3323; x_wconf 64' lang='lat' dir='ltr'>Transiormationes</span> <span class='ocrx_word' id='word_1_83' title='bbox 1646 3305 1650 3311; x_wconf 26' lang='grc' dir='ltr'>Ι</span> 
     </span>
     <span class='ocr_line' id='line_1_13' title="bbox 308 3335 1565 3434; baseline 0.002 -22"><span class='ocrx_word' id='word_1_84' title='bbox 308 3340 418 3434; x_wconf 83' lang='lat' dir='ltr'>Fasti,</span> <span class='ocrx_word' id='word_1_85' title='bbox 445 3336 626 3429; x_wconf 69' lang='lat' dir='ltr'>Heroides</span> <span class='ocrx_word' id='word_1_86' title='bbox 653 3337 722 3409; x_wconf 91' lang='lat' dir='ltr'>alia</span> <span class='ocrx_word' id='word_1_87' title='bbox 747 3342 882 3409; x_wconf 89' lang='lat' dir='ltr'>scatent</span> <span class='ocrx_word' id='word_1_88' title='bbox 907 3335 1075 3408; x_wconf 91' lang='lat' dir='ltr'>eiusmodi</span> <span class='ocrx_word' id='word_1_89' title='bbox 1102 3336 1277 3430; x_wconf 82' lang='lat' dir='ltr'>exemplis,</span> <span class='ocrx_word' id='word_1_90' title='bbox 1319 3360 1464 3432; x_wconf 92' lang='lat' dir='ltr'>quorum</span> <span class='ocrx_word' id='word_1_91' title='bbox 1500 3345 1565 3414; x_wconf 89' lang='lat' dir='ltr'>nu-</span> 
     </span>
     <span class='ocr_line' id='line_1_14' title="bbox 310 3468 1566 3562; baseline 0 -15"><span class='ocrx_word' id='word_1_92' title='bbox 310 3493 427 3547; x_wconf 91' lang='lat' dir='ltr'>merus</span> <span class='ocrx_word' id='word_1_93' title='bbox 454 3479 547 3545; x_wconf 88' lang='lat' dir='ltr'>certe</span> <span class='ocrx_word' id='word_1_94' title='bbox 572 3471 674 3561; x_wconf 90' lang='lat' dir='ltr'>longe</span> <span class='ocrx_word' id='word_1_95' title='bbox 701 3472 812 3544; x_wconf 90' lang='lat' dir='ltr'>maior</span> <span class='ocrx_word' id='word_1_96' title='bbox 837 3468 1010 3562; x_wconf 89' lang='lat' dir='ltr'>evaderet,</span> <span class='ocrx_word' id='word_1_97' title='bbox 1038 3472 1069 3542; x_wconf 90' lang='lat' dir='ltr'>si</span> <span class='ocrx_word' id='word_1_98' title='bbox 1083 3471 1296 3544; x_wconf 87' lang='lat' dir='ltr'>Graecorum</span> <span class='ocrx_word' id='word_1_99' title='bbox 1310 3475 1566 3548; x_wconf 90' lang='lat' dir='ltr'>Romanorum-</span> 
     </span>
     <span class='ocr_line' id='line_1_15' title="bbox 311 3585 1569 3698; baseline 0.003 -21"><span class='ocrx_word' id='word_1_100' title='bbox 311 3627 377 3698; x_wconf 90' lang='lat' dir='ltr'>que</span> <span class='ocrx_word' id='word_1_101' title='bbox 402 3606 543 3696; x_wconf 88' lang='lat' dir='ltr'>scriptis</span> <span class='ocrx_word' id='word_1_102' title='bbox 582 3605 653 3676; x_wconf 86' lang='lat' dir='ltr'>lata</span> <span class='ocrx_word' id='word_1_103' title='bbox 690 3585 936 3696; x_wconf 82' lang='lat' dir='ltr'>pepercissent.</span> <span class='ocrx_word' id='word_1_104' title='bbox 978 3602 1080 3676; x_wconf 89' lang='lat' dir='ltr'>Unde</span> <span class='ocrx_word' id='word_1_105' title='bbox 1118 3605 1277 3696; x_wconf 87' lang='lat' dir='ltr'>sequitur</span> <span class='ocrx_word' id='word_1_106' title='bbox 1314 3606 1409 3678; x_wconf 90' lang='lat' dir='ltr'>illam</span> <span class='ocrx_word' id='word_1_107' title='bbox 1448 3613 1569 3698; x_wconf 88' lang='lat' dir='ltr'>poetae</span> 
     </span>
     <span class='ocr_line' id='line_1_16' title="bbox 312 3737 1567 3832; baseline 0.002 -20"><span class='ocrx_word' id='word_1_108' title='bbox 312 3740 445 3830; x_wconf 90' lang='lat' dir='ltr'>ingenii</span> <span class='ocrx_word' id='word_1_109' title='bbox 477 3738 616 3811; x_wconf 91' lang='lat' dir='ltr'>laudem</span> <span class='ocrx_word' id='word_1_110' title='bbox 641 3739 679 3810; x_wconf 92' lang='lat' dir='ltr'>in</span> <span class='ocrx_word' id='word_1_111' title='bbox 705 3739 819 3810; x_wconf 91' lang='lat' dir='ltr'>maius</span> <span class='ocrx_word' id='word_1_112' title='bbox 845 3743 983 3810; x_wconf 87' lang='lat' dir='ltr'>auctam</span> <span class='ocrx_word' id='word_1_113' title='bbox 1023 3759 1097 3810; x_wconf 89' lang='lat' dir='ltr'>esse</span> <span class='ocrx_word' id='word_1_114' title='bbox 1124 3737 1356 3832; x_wconf 90' lang='lat' dir='ltr'>Ovidiumque</span> <span class='ocrx_word' id='word_1_115' title='bbox 1388 3743 1504 3832; x_wconf 86' lang='lat' dir='ltr'>potius</span> <span class='ocrx_word' id='word_1_116' title='bbox 1530 3744 1567 3814; x_wconf 92' lang='lat' dir='ltr'>in</span> 
     </span>
     <span class='ocr_line' id='line_1_17' title="bbox 312 3871 1567 3967; baseline 0.002 -22"><span class='ocrx_word' id='word_1_117' title='bbox 312 3872 492 3947; x_wconf 92' lang='lat' dir='ltr'>doctorum</span> <span class='ocrx_word' id='word_1_118' title='bbox 516 3878 700 3964; x_wconf 88' lang='lat' dir='ltr'>poetarum</span> <span class='ocrx_word' id='word_1_119' title='bbox 725 3895 910 3945; x_wconf 93' lang='lat' dir='ltr'>nnmerum</span> <span class='ocrx_word' id='word_1_120' title='bbox 935 3871 1164 3962; x_wconf 88' lang='lat' dir='ltr'>redigendum</span> <span class='ocrx_word' id='word_1_121' title='bbox 1190 3895 1276 3967; x_wconf 89' lang='lat' dir='ltr'>esse,</span> <span class='ocrx_word' id='word_1_122' title='bbox 1315 3875 1375 3967; x_wconf 91' lang='lat' dir='ltr'>qui</span> <span class='ocrx_word' id='word_1_123' title='bbox 1401 3874 1567 3949; x_wconf 89' lang='lat' dir='ltr'>sollertis-</span> 
     </span>
     <span class='ocr_line' id='line_1_18' title="bbox 314 4005 1570 4110; baseline 0.002 -30"><span class='ocrx_word' id='word_1_124' title='bbox 314 4009 400 4110; x_wconf 86' lang='lat' dir='ltr'>sime</span> <span class='ocrx_word' id='word_1_125' title='bbox 438 4007 575 4081; x_wconf 88' lang='lat' dir='ltr'>fabulas</span> <span class='ocrx_word' id='word_1_126' title='bbox 613 4013 888 4104; x_wconf 86' lang='lat' dir='ltr'>argumentaque</span> <span class='ocrx_word' id='word_1_127' title='bbox 927 4005 1081 4099; x_wconf 89' lang='lat' dir='ltr'>undique</span> <span class='ocrx_word' id='word_1_128' title='bbox 1120 4007 1297 4098; x_wconf 88' lang='lat' dir='ltr'>colligeret</span> <span class='ocrx_word' id='word_1_129' title='bbox 1314 4009 1375 4102; x_wconf 66' lang='lat' dir='ltr'>aa)</span> <span class='ocrx_word' id='word_1_130' title='bbox 1417 4017 1452 4083; x_wconf 92' lang='lat' dir='ltr'>et</span> <span class='ocrx_word' id='word_1_131' title='bbox 1482 4031 1570 4102; x_wconf 91' lang='lat' dir='ltr'>quae</span> 
     </span>
     <span class='ocr_line' id='line_1_19' title="bbox 316 4112 1633 4238; baseline 0.002 -22"><span class='ocrx_word' id='word_1_132' title='bbox 316 4112 509 4234; x_wconf 81' lang='lat' dir='ltr'>collegisset</span> <span class='ocrx_word' id='word_1_133' title='bbox 534 4148 614 4232; x_wconf 92' lang='lat' dir='ltr'>apte</span> <span class='ocrx_word' id='word_1_134' title='bbox 638 4148 850 4234; x_wconf 87' lang='lat' dir='ltr'>venusteque</span> <span class='ocrx_word' id='word_1_135' title='bbox 875 4143 913 4214; x_wconf 91' lang='lat' dir='ltr'>in</span> <span class='ocrx_word' id='word_1_136' title='bbox 939 4163 1060 4215; x_wconf 92' lang='lat' dir='ltr'>versus</span> <span class='ocrx_word' id='word_1_137' title='bbox 1087 4142 1271 4234; x_wconf 85' lang='lat' dir='ltr'>redigeret,</span> <span class='ocrx_word' id='word_1_138' title='bbox 1312 4167 1380 4238; x_wconf 88' lang='lat' dir='ltr'>qua</span> <span class='ocrx_word' id='word_1_139' title='bbox 1405 4144 1572 4218; x_wconf 78' lang='lat' dir='ltr'>facultate</span> <span class='ocrx_word' id='word_1_140' title='bbox 1627 4158 1633 4165; x_wconf 77' lang='grc'><strong>“</strong></span> 
     </span>
     <span class='ocr_line' id='line_1_20' title="bbox 317 4277 1572 4372; baseline 0 -19"><span class='ocrx_word' id='word_1_141' title='bbox 317 4287 448 4353; x_wconf 90' lang='lat' dir='ltr'>ceteros</span> <span class='ocrx_word' id='word_1_142' title='bbox 473 4279 710 4352; x_wconf 87' lang='lat' dir='ltr'>Romanorum</span> <span class='ocrx_word' id='word_1_143' title='bbox 753 4284 872 4370; x_wconf 92' lang='lat' dir='ltr'>poetas</span> <span class='ocrx_word' id='word_1_144' title='bbox 912 4277 957 4350; x_wconf 91' lang='lat' dir='ltr'>ab</span> <span class='ocrx_word' id='word_1_145' title='bbox 982 4299 1021 4351; x_wconf 93' lang='lat' dir='ltr'>eo</span> <span class='ocrx_word' id='word_1_146' title='bbox 1046 4278 1149 4368; x_wconf 90' lang='lat' dir='ltr'>longe</span> <span class='ocrx_word' id='word_1_147' title='bbox 1187 4286 1366 4372; x_wconf 86' lang='lat' dir='ltr'>superatos</span> <span class='ocrx_word' id='word_1_148' title='bbox 1401 4300 1572 4354; x_wconf 91' lang='lat' dir='ltr'>essenon</span> 
     </span>
    </p>
   </div>
   <div class='ocr_carea' id='block_1_4' title="bbox 320 4571 1575 4735">
    <p class='ocr_par' dir='ltr' id='par_1_4' title="bbox 320 4571 1575 4735">
     <span class='ocr_line' id='line_1_21' title="bbox 425 4571 1575 4644; baseline -0.001 -12"><span class='ocrx_word' id='word_1_149' title='bbox 425 4573 449 4641; x_wconf 77' lang='lat'>*)</span> <span class='ocrx_word' id='word_1_150' title='bbox 466 4574 506 4632; x_wconf 79' lang='lat' dir='ltr'>df.</span> <span class='ocrx_word' id='word_1_151' title='bbox 526 4572 583 4629; x_wconf 88' lang='lat' dir='ltr'>iam</span> <span class='ocrx_word' id='word_1_152' title='bbox 602 4574 719 4630; x_wconf 83' lang='lat' dir='ltr'>Senecae</span> <span class='ocrx_word' id='word_1_153' title='bbox 747 4573 866 4639; x_wconf 78' lang='lat' dir='ltr'>(Quaest.</span> <span class='ocrx_word' id='word_1_154' title='bbox 895 4573 952 4628; x_wconf 86' lang='lat' dir='ltr'>nat.</span> <span class='ocrx_word' id='word_1_155' title='bbox 981 4573 1031 4644; x_wconf 90' lang='grc' dir='ltr'>ΙΙΙ,</span> <span class='ocrx_word' id='word_1_156' title='bbox 1061 4573 1104 4644; x_wconf 83' lang='grc'>27,</span> <span class='ocrx_word' id='word_1_157' title='bbox 1125 4573 1168 4638; x_wconf 88' lang='grc'>13)</span> <span class='ocrx_word' id='word_1_158' title='bbox 1196 4571 1339 4644; x_wconf 86' lang='lat' dir='ltr'>iudicium,</span> <span class='ocrx_word' id='word_1_159' title='bbox 1371 4573 1419 4639; x_wconf 82' lang='lat' dir='ltr'>qui</span> <span class='ocrx_word' id='word_1_160' title='bbox 1448 4574 1575 4632; x_wconf 83' lang='lat' dir='ltr'>Ovidium</span> 
     </span>
     <span class='ocr_line' id='line_1_22' title="bbox 320 4662 920 4735; baseline -0.008 -12"><span class='ocrx_word' id='word_1_161' title='bbox 320 4665 573 4735; x_wconf 87' lang='lat' dir='ltr'>ingeniosissimum</span> <span class='ocrx_word' id='word_1_162' title='bbox 591 4664 737 4732; x_wconf 89' lang='lat' dir='ltr'>poetarum</span> <span class='ocrx_word' id='word_1_163' title='bbox 756 4662 920 4734; x_wconf 86' lang='lat' dir='ltr'>appellavit.</span> 
     </span>
    </p>
   </div>
   <div class='ocr_carea' id='block_1_5' title="bbox 323 4761 1575 5016">
    <p class='ocr_par' dir='ltr' id='par_1_5' title="bbox 323 4761 1575 5016">
     <span class='ocr_line' id='line_1_23' title="bbox 417 4761 1574 4836; baseline 0.003 -18"><span class='ocrx_word' id='word_1_164' title='bbox 417 4762 454 4830; x_wconf 83' lang='lat'>**)</span> <span class='ocrx_word' id='word_1_165' title='bbox 474 4761 513 4820; x_wconf 85' lang='lat' dir='ltr'>cf.</span> <span class='ocrx_word' id='word_1_166' title='bbox 533 4761 672 4819; x_wconf 85' lang='lat' dir='ltr'>llhwaldii</span> <span class='ocrx_word' id='word_1_167' title='bbox 691 4761 861 4818; x_wconf 87' lang='lat' dir='ltr'>sententiam</span> <span class='ocrx_word' id='word_1_168' title='bbox 880 4762 898 4817; x_wconf 93' lang='lat' dir='ltr'>l.</span> <span class='ocrx_word' id='word_1_169' title='bbox 911 4762 927 4818; x_wconf 90' lang='lat' dir='ltr'>l.</span> <span class='ocrx_word' id='word_1_170' title='bbox 949 4777 975 4830; x_wconf 91' lang='lat' dir='ltr'>p.</span> <span class='ocrx_word' id='word_1_171' title='bbox 989 4763 1048 4819; x_wconf 79' lang='lat'>174:</span> <span class='ocrx_word' id='word_1_172' title='bbox 1071 4761 1246 4818; x_wconf 76' lang='lat' dir='ltr'>«wirhaben</span> <span class='ocrx_word' id='word_1_173' title='bbox 1266 4777 1293 4818; x_wconf 90' lang='lat' dir='ltr'>as</span> <span class='ocrx_word' id='word_1_174' title='bbox 1315 4763 1424 4819; x_wconf 86' lang='lat' dir='ltr'>rielf</span> <span class='ocrx_word' id='word_1_175' title='bbox 1433 4765 1513 4836; x_wconf 85' lang='lat' dir='ltr'>auh,</span> <span class='ocrx_word' id='word_1_176' title='bbox 1533 4781 1574 4824; x_wconf 82' lang='lat' dir='ltr'>uo</span> 
     </span>
     <span class='ocr_line' id='line_1_24' title="bbox 323 4850 1575 4926; baseline 0 -14"><span class='ocrx_word' id='word_1_177' title='bbox 323 4854 376 4912; x_wconf 84' lang='lat' dir='ltr'>uir</span> <span class='ocrx_word' id='word_1_178' title='bbox 397 4851 643 4909; x_wconf 82' lang='lat' dir='ltr'>bridisches</span> <span class='ocrx_word' id='word_1_179' title='bbox 674 4850 913 4918; x_wconf 78' lang='lat' dir='ltr'>ligenthnm</span> <span class='ocrx_word' id='word_1_180' title='bbox 933 4851 1108 4907; x_wconf 83' lang='lat' dir='ltr'>zubositcen</span> <span class='ocrx_word' id='word_1_181' title='bbox 1136 4850 1266 4919; x_wconf 88' lang='lat' dir='ltr'>glauben,</span> <span class='ocrx_word' id='word_1_182' title='bbox 1294 4866 1350 4906; x_wconf 87' lang='lat' dir='ltr'>nur</span> <span class='ocrx_word' id='word_1_183' title='bbox 1374 4851 1428 4908; x_wconf 88' lang='lat' dir='ltr'>mit</span> <span class='ocrx_word' id='word_1_184' title='bbox 1455 4868 1575 4926; x_wconf 83' lang='lat' dir='ltr'>umge-</span> 
     </span>
     <span class='ocr_line' id='line_1_25' title="bbox 326 4939 820 5016; baseline -0.008 -14"><span class='ocrx_word' id='word_1_185' title='bbox 326 4945 495 5016; x_wconf 81' lang='lat' dir='ltr'>pr&#39;dgter</span> <span class='ocrx_word' id='word_1_186' title='bbox 514 4941 647 4997; x_wconf 81' lang='lat' dir='ltr'>llinne</span> <span class='ocrx_word' id='word_1_187' title='bbox 667 4955 701 4997; x_wconf 85' lang='lat' dir='ltr'>au</span> <span class='ocrx_word' id='word_1_188' title='bbox 720 4939 820 4998; x_wconf 77' lang='lat' dir='ltr'>clun».</span> 
     </span>
    </p>
   </div>
   <div class='ocr_carea' id='block_1_6' title="bbox 0 0 1961 5758">
    <p class='ocr_par' dir='ltr' id='par_1_6' title="bbox 0 0 1961 5758">
     <span class='ocr_line' id='line_1_26' title="bbox 0 0 1961 5758; baseline 0 0"><span class='ocrx_word' id='word_1_189' title='bbox 0 0 1961 5758; x_wconf 95' lang='lat' dir='ltr'> </span> 
     </span>
    </p>
   </div>
  </div>
 </body>
</html>
