3822 5758
891 417 1085 492 ..23-

355 656 542 723 mutuatus
568 672 644 725 esse
668 652 818 744 videtur,
846 655 905 725 ubi
931 652 974 724 de
1000 651 1135 724 Naiade
1160 650 1313 741 poetriae
1342 645 1509 720 suadente
1535 667 1615 718 nar-

360 786 462 876 ravit,
489 791 528 857 ut
541 784 584 857 de
598 785 771 858 Leucadio
797 787 1037 877 promunturio
1063 787 1100 856 in
1115 805 1211 856 mare
1236 805 1273 855 se
1298 782 1545 873 praecipitaret
1567 781 1615 872 *);

362 926 398 993 at
423 922 620 992 accuratius
646 922 839 1012 enucleare,
867 920 1036 1012 quomodo
1061 919 1121 991 illa
1147 917 1320 991 Ouidiana
1347 917 1454 988 verba
1467 914 1511 987 ad
1531 912 1615 1006 Sap·

360 1053 451 1144 phus
492 1075 630 1126 carmen
667 1056 874 1145 referantur,
917 1076 986 1128 non
1012 1044 1206 1144 possumus,
1242 1029 1328 1124 cum
1348 1051 1448 1123 initio
1475 1056 1616 1143 excepto

362 1186 567 1277 fragmentis
595 1187 753 1262 destituti
779 1189 889 1261 simus
907 1188 976 1279 il).

882 1385 1093 1396 -n-—e-u—u—-u

372 1552 793 1569 m

470 1673 494 1740 ⁸)
511 1675 559 1732 lv.
581 1678 729 1736 157-1752

576 1767 623 1822 llst
642 1767 747 1824 nitidus
766 1770 892 1838 vitroque
912 1771 1000 1842 magis
1018 1769 1177 1841 perlucidus
1197 1769 1271 1824 omni

613 1857 682 1914 lons
700 1875 785 1918 sacer.
805 1861 879 1918 bunc
897 1862 980 1918 multi
998 1874 1100 1917 numen
1117 1860 1220 1918 babere
1239 1860 1348 1930 putant:

578 1945 659 2011 Quem
679 1963 764 2019 supra
782 1965 873 2006 ramos
893 1952 1017 2007 extendit
1035 1950 1164 2018 aquatica
1182 1951 1262 2020 lotos,

614 2037 672 2093 Una
689 2053 793 2112 nemus,
813 2043 907 2098 tenero
927 2041 1048 2112 caespite
1065 2043 1144 2096 terra
1163 2040 1243 2097 viret.

577 2126 628 2182 llic
647 2141 695 2196 ego
715 2145 776 2186 curu
794 2133 881 2188 lassos
899 2133 1050 2203 posuissem
1068 2131 1186 2190 fletibus
1205 2133 1292 2202 artus,

615 2217 745 2277 (lonstitit
764 2224 828 2278 ente
849 2225 940 2280 oculos
959 2222 1044 2278 Naias
1064 2237 1119 2276 uua
1138 2236 1220 2278 meos:

578 2306 716 2382 Constitit,
737 2313 764 2365 et
782 2310 854 2367 dixit
871 2311 1011 2380 ‘quoniam
1029 2327 1082 2367 non
1101 2311 1213 2380 ignibus
1232 2309 1326 2377 aequis

517 2415 523 2432 ·
575 2381 581 2397 ⁶
614 2399 715 2472 Ureris,
735 2403 882 2459 Ambracia
902 2405 943 2458 est
961 2405 1039 2459 terra
1058 2400 1177 2472 petenda
1196 2400 1257 2457 tibi.

579 2487 702 2545 Phoebus
720 2493 755 2546 ab
775 2494 889 2564 excelso,
906 2494 1041 2559 quantum
1060 2492 1147 2562 patet,
1167 2487 1287 2560 adspicit
1305 2504 1414 2556 aequor:

615 2579 747 2637 hetaeum
765 2583 861 2653 populi
879 2583 1096 2649 Leucadiumque
1117 2582 1224 2638 vocant·

581 2667 651 2723 11100
669 2684 697 2726 00
715 2672 866 2729 Deucalion
884 2672 1009 2741 Pyrrhae
1029 2684 1173 2726 succensus
1192 2684 1285 2726 amore

615 2757 699 2831 llicit,
719 2762 747 2816 et
764 2761 862 2818 illaeso
881 2775 993 2832 corpore
1014 2760 1116 2831 pressit
1135 2774 1228 2826 aquas:

580 2847 634 2903 Nec
652 2863 737 2922 mora,
756 2865 851 2907 versus
871 2866 948 2908 emor
966 2850 1061 2920 tetigit
1079 2849 1235 2907 lentissima
1253 2850 1337 2906 mersi

616 2940 738 3012 Pectora,
756 2942 907 2998 Deucalion
925 2942 988 3010 igne
1007 2943 1116 2997 levatus
1135 2941 1203 2996 erat.

579 3031 656 3085 lleuc
675 3033 764 3099 legem
781 3033 857 3087 locus
876 3033 926 3088 ille
944 3033 1029 3087 tenet.
1049 3033 1112 3101 pete
1132 3030 1258 3099 protinus
1277 3031 1365 3088 altam

616 3120 749 3192 Leucada,
768 3136 818 3177 nec
837 3137 901 3177 saxo
920 3122 1064 3179 desiluisse
1083 3121 1167 3176 time'.

581 3209 621 3264 Ut‘
633 3210 748 3282 monuit,
768 3226 828 3266 cum
848 3225 912 3267 voce
932 3211 1010 3266 abiit.
1032 3225 1080 3278 ego
1098 3210 1200 3265 territa
1220 3225 1310 3281 surgo,

616 3299 671 3354 llec
689 3300 821 3367 gravidae
840 3301 972 3357 lacrimas
992 3301 1151 3355 continuere
1171 3313 1265 3366 genae.

580 3389 692 3460 ibimus,
712 3405 726 3444 o
746 3389 876 3460 nymphe,
896 3391 1101 3455 monstrataque
1122 3403 1188 3444 sara
1207 3390 1338 3457 petemus.

473 3476 588 3532 Initium
606 3477 688 3532 huius
705 3478 760 3534 loci
779 3478 835 3533 iarn
855 3493 939 3547 supra
960 3494 983 3547 p.
1006 3479 1040 3534 24
1058 3491 1084 3534 n.
1104 3478 1147 3533 ll
1166 3492 1227 3532 cum
1252 3478 1378 3547 Sapphus
1397 3478 1468 3546 frag.
1489 3481 1507 3536 4
1527 3479 1621 3536 verbis

370 3565 542 3622 contulimus.
572 3566 670 3632 Quodsi
697 3570 792 3623 nostra
821 3568 978 3638 coniectura
1007 3581 1101 3623 verum
1130 3567 1248 3622 assecuti
1275 3582 1375 3639 sumus,
1395 3567 1467 3627 iilud
1486 3569 1621 3625 Graecum

368 3670 487 3728 carmen,
506 3656 577 3712 uude
597 3657 730 3713 Ouidiena
749 3671 877 3726 expressa
901 3659 974 3728 sunt,
993 3657 1077 3712 facile
1096 3656 1262 3726 posteriores
1282 3672 1450 3714 commouere
1469 3659 1570 3730 potuit,
1589 3661 1622 3715 ut

368 3746 505 3814 poetriam
530 3747 669 3817 nymphae
697 3747 811 3804 consilio
840 3748 996 3802 obsecutam
1024 3747 1057 3802 de
1075 3746 1210 3802 leucadio
1238 3748 1429 3816 promunturio
1459 3750 1534 3805 saltu
1563 3763 1621 3805 sesa

369 3835 509 3891 demisisse
527 3837 671 3907 finxerint,
691 3837 723 3891 de
741 3852 793 3904 000
812 3836 888 3892 inira
906 3838 997 3907 plura.

465 3925 502 3992 **)
520 3926 560 3982 Ad
579 3941 640 3982 eam
659 3927 793 3996 epistulae
813 3929 929 3997 partem,
948 3926 996 3982 ubi
1016 3928 1125 3997 Sappho
1146 3941 1237 3982 omnes
1257 3927 1432 3982 calamitates
1443 3929 1523 3995 atque
1542 3927 1623 3984 mise·

369 4014 437 4084 rlas,
455 4028 525 4081 quae
551 4015 581 4069 in
610 4015 700 4085 ipsem
726 4016 877 4086 irruerunt,
897 4018 1021 4071 recenset
1045 4019 1101 4092 (vv.
1131 4017 1256 4087 ott-72),
1282 4016 1383 4084 optime
1413 4016 1516 4071 reterri
1535 4016 1623 4087 possit

371 4103 482 4159 initium
501 4105 632 4161 carminis
651 4119 665 4160 e
683 4105 781 4159 ionicis
799 4121 816 4160 a
835 4106 939 4161 minore
960 4105 1111 4176 compositi,
1130 4105 1201 4171 quod
1219 4105 1385 4174 Hephaestio
1405 4105 1573 4176 servavitlp.
1589 4106 1621 4162 67

372 4193 412 4250 ed.
432 4195 601 4265 Westphul.):

539 4282 625 4369 Ἔμε
647 4283 767 4363 dedier,
791 4287 842 4368 ἔμε
865 4290 968 4350 πασᾶν
993 4287 1169 4351 accusarer
1195 4289 1393 4369 πεδέχοισαν,
1455 4366 1456 4369 ¹

371 4391 444 4459 Quod
462 4394 556 4447 tamen
575 4405 686 4447 carmen
705 4394 739 4448 ab
758 4393 809 4449 1110
829 4393 942 4448 metrico
971 4394 1105 4463 scriptore
1134 4393 1236 4448 diserte
1265 4396 1364 4450 Alcaeo
1384 4393 1520 4449 tribuitur
1537 4394 1621 4463 (frag.

370 4483 422 4550 59).
442 4481 571 4538 Attamen
588 4482 659 4548 quod
677 4483 717 4539 ibi
735 4482 839 4538 femina
857 4483 980 4549 loquitur
1008 4484 1036 4538 et
1054 4484 1248 4551 argumentum
1275 4483 1401 4553 lugubre,
1425 4483 1569 4549 (quantum
1588 4498 1621 4540 er

369 4571 414 4625 his
432 4571 531 4640 primis
550 4572 642 4628 verbis
670 4571 796 4627 concludi
823 4572 907 4639 licet),
936 4573 1034 4627 Alcaeo
1062 4571 1182 4626 ‘sonanti
1203 4571 1323 4638 plenius'
1351 4570 1463 4625 minime
1485 4572 1622 4641 convenit,

369 4660 440 4715 illud
460 4659 646 4728 fragmentum
665 4663 756 4730 potius
776 4661 915 4730 Sapphoui
933 4661 1109 4717 tribuendum
1129 4675 1185 4714 0000
1205 4660 1363 4729 putaverim
1374 4661 1447 4727 apud
1457 4660 1624 4730 Hephaesti-

371 4764 449 4804 onem
467 4750 496 4805 in
515 4751 679 4807 nominando
699 4752 809 4806 auctore
838 4752 963 4805 erratum
991 4765 1048 4805 esse
1067 4752 1199 4806 statuens.
1230 4749 1302 4816 Quod
1331 4763 1395 4804 sane
1420 4750 1482 4805 lieri
1501 4750 1623 4820 potuisse

370 4840 506 4914 concedes,
526 4841 549 4901 si
568 4842 742 4916 reputaveris
769 4840 979 4913 Hephaestionis
1008 4841 1191 4898 enchiridium
1219 4842 1262 4896 ter
1289 4840 1319 4895 iu
1338 4839 1448 4896 brevius
1478 4841 1622 4897 redactum
