3822 5758
828 412 1025 484 ..41-

677 695 953 714 ........
982 639 1063 716 rc'v’
1088 627 1216 713 ἄλλον

413 861 420 882 ·
505 831 514 849 .
542 830 551 848 .
578 771 816 884 ἀνθρώπων
843 772 989 874 §peace
1016 765 1204 872 φίλησθα

604 965 800 982 ......
828 905 968 986 thebeo
996 899 1209 1005 δ’ἔχεισθα
1253 977 1254 982 ,

748 1037 952 1135 λᾶθος.υ

505 1179 589 1252 Καὶ
616 1176 770 1269 mollica
801 1178 868 1253 nai
892 1175 1067 1276 μάοιιαι
1085 1233 1092 1250 .
1110 1234 1141 1251 ..
1163 1179 1196 1288 ᾖ)

300 1314 396 1404 Quae
422 1318 547 1385 cuneta
585 1312 629 1384 ad
669 1313 838 1387 eiusmodi
875 1314 1043 1404 epistulae
1094 1318 1339 1402 argumentum
1383 1309 1555 1403 quadrare

299 1469 400 1546 nemo
425 1448 582 1538 negabit.
611 1449 709 1540 Quae
722 1449 913 1521 sententiae
928 1470 1016 1540 cum,
1044 1447 1168 1519 utiam
1193 1465 1300 1556 supra
1326 1443 1554 1537 ostendimus,

300 1584 337 1654 in
364 1581 540 1657 ovidiana
578 1583 726 1676 epistula
764 1583 934 1662 imitando
972 1603 1155 1675 expressae
1180 1581 1262 1673 sint,
1288 1583 1442 1672 primum
1470 1577 1552 1652 inde

300 1719 458 1810 sequitur
482 1740 539 1791 eas
564 1718 784 1810 aSapphone
809 1741 945 1813 quoque
971 1720 1008 1791 in
1028 1715 1196 1790 eiusmodi
1211 1715 1380 1806 epistulae
1404 1715 1552 1787 formam

300 1849 422 1924 induto
449 1854 602 1925 carmine
628 1851 805 1926 adhibitas
832 1873 916 1943 esse3
942 1873 1049 1945 porro
1063 1856 1190 1936 autem,
1212 1849 1376 1942 quoniam
1403 1831 1551 1921 Ovidius

300 1982 521 2076 Sapphonem
563 1985 620 2058 ad
655 1987 913 2060 Phaonem
957 1985 1144 2077 epistulam
1197 1985 1406 2056 scribentem
1459 1983 1554 2075 facit,

300 2121 453 2209 poetriae
479 2141 612 2210 quoque
645 2121 760 2212 ipsum
788 2141 927 2192 carmen
953 2119 998 2190 ad
1025 2119 1202 2191 Phaonem
1229 2119 1412 2208 scriptum¹
1427 2137 1556 2208 ponere

300 2254 443 2345 poteris.

387 2367 564 2461 'Attamen
601 2409 672 2461 non
697 2388 807 2460 solum
834 2409 876 2459 ex
901 2390 1055 2480 poetriae
1088 2387 1294 2478 fragmentis
1323 2407 1402 2459 cum
1429 2384 1554 2460 Ovidi

301 2542 369 2594 ana
394 2521 543 2612 epistula
570 2523 702 2596 collatis
729 2523 844 2613 colligi
869 2529 1031 2615 potesta
1056 2521 1243 2614 Sapphone
1269 2519 1438 2593 eiusmodi
1465 2522 1557 2614 epis-

300 2653 410 2726 tulam
424 2657 590 2747 scriptam
608 2677 692 2728 esse:
722 2654 817 2728 aliud
831 2677 967 2762 quoque
993 2655 1179 2746 vestigium
1193 2660 1317 2748 exstat,
1344 2653 1436 2746 quod
1461 2661 1554 2728 recte

303 2788 518 2863 intellectum
543 2789 662 2864 eodem
700 2792 876 2882 pertinere
910 2791 996 2862 mihi
1020 2789 1189 2863 videatur.
1230 2791 1272 2862 ln
1298 2789 1430 2882 aliquot
1462 2790 1557 2863 enim

302 2922 406 2995 huius
433 2922 593 2995 Heroidis
607 2923 706 2997 libris
732 2893 981 3016 manuscriptis
1007 2926 1092 2996 haec
1107 2923 1255 3015 epistula
1280 2924 1336 2997 ab
1364 2923 1431 3000 Ov
1449 2924 1556 2998 idio

291 3078 320 3129 ¹e
347 3055 541 3130 Graeca
577 3058 759 3149 lingua
795 3042 1090 3132 in'latinam
1116 3080 1264 3132 versa
1290 3081 1406 3132 esse
1432 3057 1556 3133 dici·

302 3197 394 3264 tur.
422 3191 476 3263 Ita
506 3193 544 3264 in
570 3191 686 3265 codice
723 3192 910 3265 Harleiano
949 3193 1016 3283 ipsi
1055 3193 1224 3284 epistulae
1263 3194 1349 3264 haec
1388 3171 1557 3284 praefatio

302 3324 494 3414 praemissa
534 3330 586 3398 est
626 3328 672 3416 (v.
710 3325 821 3398 Vries.
863 3324 886 3398 l.
913 3325 935 3397 l.
962 3347 996 3417 p.
1025 3329 1074 3420 7):
1120 3325 1245 3416 „Circa
1282 3299 1390 3400 lesbia
1422 3325 1565 3418 Saphos'

303 3458 456 3532 mitilene
481 3461 661 3548 epistolam
688 3459 732 3532 ad
757 3460 928 3550 phaonem
954 3459 1118 3533 dilectum
1144 3481 1246 3533 suum
1272 3461 1450 3552 scriptam.
1480 3459 1558 3533 Ma·

303 3613 374 3684 gna
398 3596 515 3668 extitit
552 3595 729 3668 contencio
767 3595 845 3686 quis
885 3595 951 3667 hoc
989 3595 1127 3685 insigne
1165 3616 1250 3702 opus
1276 3618 1294 3667 e
1319 3616 1478 3685 greco
1505 3595 1557 3669 in

303 3729 529 3802 latinum
568 3729 925 3802 transtulerit
963 3729 1121 3822 quamvis
1161 3727 1251 3801 aduc
1293 3731 1331 3801 in
1370 3727 1475 3802 dubio
1515 3724 1576 3801 id‘

304 3865 464 3937 volvatur
490 3864 696 3937 coniecturis
723 3869 797 3936 tum
825 3862 868 3934 ad
893 3861 930 3934 id
954 3870 1097 3936 ventum
1117 3871 1180 3956 est,
1207 3863 1298 3957 quod
1324 3863 1459 3938 ovidius
1485 3865 1552 3938 sul·

305 3998 478 4070 monensis
504 3999 534 4070 is
572 3999 638 4070 siet
675 3999 735 4091 qui
761 3998 1015 4072 transtulerit“.
1042 3973 1137 4070 ldem
1178 3998 1215 4070 in
1242 3999 1357 4073 codice
1396 4001 1557 4075 Parisino

305 4137 314 4204 l
319 4134 355 4225 p)
383 4130 580 4224 legitur,.v.
596 4127 703 4222 supra
728 4152 762 4221 p.
779 4135 798 4202 6
814 4137 900 4202 extr.
926 4152 975 4223 sq.
1005 4133 1100 4223 Quae
1113 4131 1162 4204 ita
1184 4133 1271 4203 mihi
1296 4131 1559 4225 interpretanda

305 4287 379 4339 esse
396 4266 570 4341 videntur:
597 4268 865 4361 Antiquiorihus
877 4266 1101 4357 temporibus,
1130 4288 1208 4338 cum
1223 4266 1385 4359 Sapphus
1401 4269 1558 4341 carmina

596 4481 733 4490 ———.-—.

413 4603 435 4669 *)
454 4605 523 4660 Sane
542 4602 612 4657 miro
632 4602 708 4657 modo
727 4603 833 4658 factum
853 4578 1018 4656 astutiam
1037 4602 1126 4668 Bergk
1145 4602 1285 4666 tamquam
1313 4601 1461 4657 divinando
1480 4617 1561 4671 prac-

306 4694 410 4762 ripiens
437 4695 559 4746 nostram
588 4684 773 4745 coniecturum
799 4692 867 4744 haec
885 4690 1043 4757 fragmento
1062 4690 1120 4744 sem
1140 4691 1181 4744 ita
1200 4692 1412 4762 enumeraverit,
1432 4693 1463 4746 ut
1481 4692 1560 4754 uobis
1661 4718 1663 4722 ·

308 4783 439 4840 ovidiana
459 4782 579 4863 epistula
597 4782 678 4836 iretis
698 4781 885 4862 coniungenda
905 4795 962 4834 esso
982 4779 1136 4846 videantur.
