3822 5758
900 421 1093 490 ..14-

369 653 421 718 est
458 667 521 719 cur
558 645 721 720 infitiaris
739 649 786 742 *).
829 649 992 722 Ceterum
1032 646 1179 722 Ovidius
1219 651 1293 739 ipse
1319 648 1361 721 de
1387 670 1449 721 suo
1484 646 1623 738 ingenio

367 802 438 854 non
463 781 565 854 aliter
590 781 779 876 iudicabat,
807 785 897 878 quod
923 786 999 857 eius
1026 785 1180 859 modesta
1206 785 1312 858 verba
1338 784 1442 856 Trist.
1470 782 1533 875 ΙΙΙ,
1564 787 1621 873 14,

369 921 412 988 33
441 937 491 1010 sq.
518 921 703 990 testantur:
811 915 813 920 ’

513 1051 696 1142 Ingenium
722 1052 859 1142 fregere
884 1073 1001 1124 meum
1027 1053 1130 1144 mala,
1157 1052 1256 1124 cuius
1282 1057 1474 1158 stante

562 1186 693 1258 Fons
719 1185 1619 1279 infecundusparvaquevenafuit.

365 1317 486 1410 Itaque
511 1317 628 1390 Tomis
653 1320 815 1392 exsulans
828 1308 1048 1409 'gravissime
1073 1318 1206 1392 ferebat
1243 1340 1280 1392 sc
1307 1318 1511 1392 destitutum
1546 1339 1620 1391 esse

364 1456 730 1548 bibliothecis,
757 1463 797 1528 ut
822 1455 907 1528 ibid.
934 1479 967 1528 v.
996 1460 1040 1529 37
1068 1478 1118 1548 sq.
1147 1456 1306 1548 legimus:

511 1588 591 1686 Non
617 1591 675 1663 hic
699 1590 964 1683 librorum,
991 1612 1079 1683 per
1104 1611 1234 1684 quos
1267 1590 1618 1664 inviteralar·

562 1786 680 1879 Oopia.
1516 1710 1617 1783 Μ

362 1921 410 1995 Ε1
435 1943 518 1995 sane
543 1942 583 1993 ea
609 1922 777 2012 carmina,
816 1943 904 2014 quae
931 1921 1077 1995 Ovidius
1115 1923 1154 1996 in
1194 1924 1316 1996 exsilio
1354 1924 1505 2014 scripsit,
1546 1922 1617 1994 fere

362 2055 518 2129 omnium
545 2075 715 2127 consensu
736 2039 948 2148 ¹plerumque
973 2054 1127 2127 taedium
1152 2057 1307 2129 excitant
1332 2076 1395 2128 nec
1408 2055 1517 2146 digna
1534 2061 1618 2128 sunt

362 2208 450 2281 quae
475 2186 634 2261 ‘noctura
660 2187 856 2280 diurnaque
881 2209 986 2259 manu
1012 2188 1217 2280 versentur‘,
1244 2188 1335 2280 quod
1358 2189 1500 2260 minime
1526 2189 1615 2262 acci·
1688 2170 1691 2177 ¹

362 2319 480 2416 disset,
508 2324 537 2395 si
563 2330 666 2414 poeta
691 2346 712 2396 a
737 2331 865 2397 natura
889 2323 1041 2414 largiore
1067 2327 1209 2416 ingenio
1234 2324 1417 2416 praeditus
1439 2332 1539 2398 esset.

457 2458 630 2531 Proximis
656 2460 758 2531 annis
784 2459 942 2533 homines
966 2459 1113 2533 litterati
1139 2461 1324 2550 praecipue
1359 2458 1613 2532 Ovidiauarum

360 2589 551 2664 Heroidum
589 2592 703 2664 fontes
747 2593 1007 2684 scrutabantur,
1048 2593 1108 2686 qui
1146 2593 1244 2666 labor
1269 2595 1413 2666 minime
1452 2614 1614 2666 successu

360 2727 484 2799 caruit.
512 2712 575 2799 Ita¹
592 2727 630 2799 in
656 2726 853 2800 Phaedram
881 2727 959 2820 (Ill)
986 2734 1021 2800 et
1045 2725 1270 2800 Laodamiam
1296 2728 1410 2820 (XIII)
1450 2727 1614 2800 Maximi-

358 2859 474 2933 lianus
499 2858 622 2954 Meyer
646 2861 846 2935 accuratius
870 2860 1056 2953 inquisivit
1071 2861 1143 2953 aa),
1181 2859 1326 2934 Medeae
1364 2866 1482 2934 autem
1513 2861 1608 2955 (XII)

359 3000 393 3067 et
420 2993 716 3087 Hypermnestrae
743 2993 853 3086 (XIV)
881 2993 994 3066 sontes
1019 2992 1099 3065 Birt
1124 2994 1281 3066 sollerter
1296 2993 1608 3087 examinavitili).

359 3125 533 3198 Romanos
558 3145 695 3218 quoque
720 3131 839 3217 poetas
865 3124 960 3198 haud
985 3147 1096 3216 pauca
1135 3123 1261 3197 Ouidio
1299 3123 1540 3216 suppeditasse
1565 3122 1609 3196 ad

358 3257 528 3332 Heroides
553 3258 782 3351 exornandas,
822 3263 861 3330 ut
887 3258 1064 3332 Catullum
1105 3258 1149 3331 ad
1174 3258 1355 3332 Ariadnen
1383 3259 1457 3353 (X),
1485 3259 1609 3349 Vergi-

329 3467 336 3476 ,
360 3393 448 3467 lium
474 3392 520 3466 ad
547 3391 719 3465 Didonem
748 3393 857 3486 (VII),
884 3392 1002 3467 docuit
1025 3393 1189 3484 Zingerle
1205 3395 1326 3487 aeas).

466 3748 492 3820 *J
511 3747 605 3804 llohdo
634 3748 666 3803 de
692 3746 745 3802 hac
777 3746 868 3803 Ovidii
896 3745 1036 3803 facultate
1064 3744 1106 3801 ita
1135 3744 1285 3802 iudicavit:
1315 3745 1378 3801 «llio
1403 3745 1504 3804 Stlrlro
1522 3749 1610 3807 seinos

357 3842 470 3898 'lalents
488 3842 560 3910 liegt
578 3841 608 3895 in
628 3841 676 3896 der
695 3838 975 3908 unvergleiclrliclron
995 3837 1180 3907 leiohtiglreit
1199 3838 1275 3893 oines
1293 3838 1469 3895 breitenund
1479 3839 1609 3908 geistroi·

357 3934 425 3989 oheu
446 3931 559 3998 Pinsols,
578 3932 609 3987 in
629 3931 680 3988 der
698 3928 916 3998 Beweglichkeit
943 3928 1002 3983 und
1021 3928 1230 3996 unversieglioh
1249 3929 1425 3984 stlimenden
1444 3929 1609 3987 1111111111-

356 4038 402 4081 rer
420 4023 480 4078 und
498 4022 623 4078 sinulich
644 4018 1062 4086 11111111(11111111111111111.
1084 4017 1122 4074 of.
1144 4018 1196 4073 ller
1216 4018 1321 4085 grisoli.
1342 4019 1456 4074 Roman.
1476 4036 1501 4090 p.
1523 4023 1581 4082 126.

463 4111 499 4183 ”p
517 4112 584 4168 lide
603 4112 663 4169 eius
684 4111 736 4166 «lle
755 4109 898 4178 lluripidis
917 4107 1094 4176 mythopoeia
1115 4108 1214 4186 ¹capita
1235 4108 1304 4163 duo·
1322 4109 1464 4175 (Beroliui,
1485 4126 1510 4166 a.
1532 4111 1610 4178 1883)
1729 4133 1730 4142 ¹

355 4220 382 4274 p.
402 4205 436 4264 65
455 4219 510 4272 sqq.
531 4207 558 4259 et
578 4203 689 4259 llermos
711 4202 753 4258 llll
772 4201 864 4268 (1885)
883 4214 907 4268 p.
931 4201 979 4256 101
1001 4197 1205 4267 sup—Priora
1230 4198 1301 4255 libri
1319 4198 1452 4256 notitiam
1464 4200 1607 4258 llhwaldio

357 4294 677 4457 11111..ἫΙΙΗΙΘΪἨΙ
699 4383 768 4442 uus.
789 4382 893 4450 xxxn,
923 4396 968 4450 pp.
997 4381 1047 4437 ror
1079 4394 1145 4447 soc..
1175 4382 1226 4438 ooo
1256 4381 1386 4448 suo—m
1404 4380 1504 4452 ¹oreon
1522 4380 1608 4439 aaron

355 4474 511 4532 sollertiam
530 4491 557 4530 v.
580 4477 628 4532 162
648 4472 734 4540 fugit:
755 4468 919 4542 «(lloniuge),
938 4472 1005 4536 qni
1025 4471 1140 4527 nobis
1162 4472 1290 4526 omnia
1318 4471 1395 4527 soluo
1419 4474 1536 4530 erat».
1556 4473 1607 4540 Qui

354 4568 527 4634 pentameter
545 4563 683 4620 imitando
704 4575 849 4630 expressus
868 4563 908 4617 est
928 4575 961 4614 ex
980 4560 1075 4629 durip.
1097 4561 1165 4618 1111.
1191 4575 1216 4616 1.
1238 4562 1299 4619 228:
1329 4555 1374 4624 ἓν
1409 4547 1432 4640 ᾧ
1463 4561 1522 4647 γὰρ
1559 4545 1606 4646 ἢν

354 4651 609 4738 μοιπάντα

459 4760 524 4834 *ml
542 4761 576 4816 ln
594 4761 669 4816 libro
691 4757 776 4814 «Ouid
794 4759 853 4814 und
872 4759 929 4814 sein
949 4760 1143 4816 lethaltuiss·
1165 4762 1215 4816 etc.
1236 4761 1258 4831 I,
1278 4775 1304 4829 p.
1325 4760 1423 4832 50;11,
1444 4777 1471 4831 p.
1491 4763 1534 4820 54.
