3804 5786
883 421 1080 495 ...88-

356 631 452 734 unde
476 657 584 732 filiam
598 657 755 750 poetriae
780 657 842 728 uni
857 677 961 728 curae
974 678 1048 730 esse
1061 678 1124 729 nec
1138 657 1206 729 iam
1221 663 1354 748 patrem
1379 660 1417 731 in
1429 661 1518 734 vivis
1530 682 1607 735 ver-

356 794 427 868 sari
455 793 611 867 conicere
635 793 775 882 poteris.
802 790 936 890 ltaque,
950 812 1033 864 sane
1058 790 1271 886 fieripotnit
1298 799 1338 864 ut
1350 791 1490 883 Sappho
1502 791 1608 866 vidua

359 931 428 1018 iam
454 933 567 1001 aetate
592 927 807 1018 provectiore
833 947 948 998 amore
973 927 1011 998 in
1036 927 1214 1002 Phaonem
1240 927 1452 1004 inflammata
1477 930 1533 1002 sit.

455 1063 530 1137 Iam
555 1065 664 1154 igitur
690 1063 745 1134 his
771 1061 938 1134 absolutis
964 1061 1008 1134 ad
1034 1061 1121 1135 duas
1147 1051 1383 1154 Sapphus
1418 1065 1609 1137 amicas

281 1177 284 1184 ¹
359 1205 610 1273 convertamur.
636 1195 679 1268 V.
709 1201 753 1267 17
782 1194 871 1268 duae
895 1197 1031 1294 puellae
1056 1176 1292 1288 nominantur,
1326 1218 1473 1287 quarum
1499 1198 1609 1271 nomi-

358 1355 405 1406 na
430 1337 589 1424 suspecta
615 1352 689 1404 esse
714 1330 889 1404 videntur:
1005 1357 1016 1378 ·

504 1466 595 1538 Vilis
622 1463 920 1556 Anactorie,
947 1466 1026 1539 vilis
1052 1465 1139 1537 mihi
1166 1463 1314 1537 candida
1341 1463 1521 1559 Cydno.

360 1604 458 1699 Quod
496 1603 540 1677 ad
578 1603 729 1695 priorem
767 1603 902 1694 attinet,
955 1605 1110 1696 quaestio
1147 1604 1268 1694 paucis
1306 1603 1438 1677 absolvi
1486 1613 1610 1696 potest.
1698 1621 1702 1628 '

359 1733 603 1844 ’Arauroplp
631 1736 723 1808 enim
749 1736 945 1827 antiquitus
972 1735 1114 1808 Miletus
1141 1735 1259 1808 ioniae
1296 1737 1380 1808 urbs
1413 1737 1612 1828 appellaba-

359 1880 428 1965 tur,
455 1879 495 1945 ut
519 1870 654 1944 Plinius
683 1870 778 1962 (hist.
806 1876 877 1943 nat.
904 1870 948 1961 V,
977 1874 1034 1961 29,
1064 1872 1162 1964 112),
1190 1870 1387 1962 Stephanus
1420 1871 1612 1968 Byzantius

360 2015 401 2098 (s.
428 2033 460 2082 v.
480 1999 699 2099 Μίλητος),
726 2006 787 2078 alii
812 1983 995 2078 testantur.
1022 2006 1145 2098 ltaque
1171 2002 1415 2106 'Arauropc'p
1442 2006 1532 2081 idem
1554 2031 1613 2082 va-

360 2142 432 2215 lere
456 2148 569 2233 potest
594 2146 697 2231 atque
724 2131 900 2233 Μιλησία
927 2138 1170 2232 significatque
1207 2141 1357 2232 puellam
1399 2143 1520 2217 Mileto
1545 2148 1614 2218 ori-

361 2277 503 2370 undam,
529 2282 570 2348 ut
593 2263 793 2362 ’Areldog
820 2275 959 2348 nomine
997 2275 1115 2349 Attica
1153 2277 1251 2366 virgo
1290 2274 1493 2368 designatur
1507 2281 1613 2372 *).A

362 2413 469 2488 Suida
493 2434 574 2486 vero
599 2412 621 2483 l.
650 2412 792 2484 linter
829 2412 985 2502 poetriae
1025 2410 1212 2503 discipulas
1239 2409 1452 2522 'Aaaydpc
1478 2436 1615 2507 quoque

362 2537 539 2641 Μιλησία
566 2553 780 2637 numeratur,
808 2567 912 2637 quam
938 2543 1085 2617 Ovidius
1112 2547 1176 2619 hoc
1201 2546 1275 2620 loco
1300 2550 1494 2640 respexisse
1519 2548 1616 2623 vide-

362 2687 432 2769 tur;
459 2701 537 2751 cnm
562 2701 642 2752 vero
667 2679 848 2770 proprium
885 2679 1035 2770 puellae
1057 2702 1183 2753 nomen
1222 2679 1383 2778 dactylici
1424 2684 1614 2759 hexametri

363 2815 498 2904 legibus
525 2813 684 2905 adaptari
712 2813 882 2904 nequiret,
909 2818 1029 2903 poetae
1055 2811 1090 2884 id
1115 2834 1242 2893 nomen
1278 2813 1514 2891 adhibendum
1538 2820 1616 2911 fuit,

365 2945 455 3039 quod
494 2946 662 3040 dactylico
701 2967 846 3018 numero
884 2947 1012 3036 optime
1048 2947 1285 3038 responderet.
1326 2951 1451 3042 Itaque
1481 2953 1619 3044 puellae

365 3081 417 3152 illi
441 3081 634 3171 genuinum
661 3080 844 3169 Anagorae
870 3102 1006 3172 nomen,
1047 3081 1138 3172 quod
1165 3081 1290 3156 Suidas
1316 3086 1478 3178 servavit,
1510 3088 1619 3159 luisse

366 3213 506 3289 videtur
522 3215 589 3306 aa).

436 3441 440 3450 1
466 3345 554 3419 Cum
579 3345 706 3435 prioris
731 3345 867 3436 puellae
906 3368 996 3418 unus
1024 3347 1146 3444 saltem
1185 3356 1317 3440 auctor,
1352 3350 1527 3424 Maximus
1553 3353 1618 3446 Ty-

367 3484 452 3572 riuS,
480 3481 689 3552 mentionem
714 3480 837 3552 fecerit
853 3480 941 3586 aaa),
969 3472 1011 3552 de
1037 3479 1201 3575 Cydnone
1214 3488 1286 3555 tota
1299 3484 1491 3577 antiquitas
1517 3507 1620 3577 qnam

368 3613 644 3704 pertinacissime
680 3617 783 3684 tacet.
823 3611 914 3704 Quid
953 3613 1077 3702 igitur?
1115 3614 1173 3686 An
1200 3612 1363 3688 Ovidium
1401 3617 1516 3709 ipsum
1555 3619 1620 3691 hoc

369 3727 493 3820 nomen
517 3745 659 3819 linxisse
684 3745 880 3838 ponendum
906 3748 981 3819 est?
1001 3748 1157 3820 Minime.
1186 3750 1293 3822 lmmo
1318 3772 1400 3823 vero
1429 3749 1466 3822 id
1486 3753 1620 3842 gravis-

370 3954 803 3966 ——-—-—————

478 4085 501 4153 *)
519 4084 644 4140 lldvenas
662 4083 736 4139 haud
755 4098 819 4139 raro
839 4083 947 4139 ethnico
967 4084 1075 4140 nomino
1093 4085 1235 4150 tamquam
1260 4086 1373 4155 proprio
1393 4090 1548 4158 appellatos
1567 4104 1623 4146 osse

372 4177 451 4234 docet
468 4173 580 4231 Meister
598 4173 628 4228 in
647 4173 752 4229 collita
771 4175 791 4229 l.
811 4175 829 4228 l.
850 4174 878 4228 d.
899 4175 921 4243 Ι,
940 4189 966 4242 p.
986 4175 1048 4244 401,
1068 4188 1130 4229 ann.
1151 4174 1186 4229 ad
1205 4189 1232 4231 n.
1253 4176 1303 4232 791
1325 4176 1350 4232 d.
1462 4183 1463 4188 ’

465 4262 502 4329 **)
520 4263 616 4328 Itaque
635 4276 690 4316 non
708 4262 860 4317 audiendus
888 4262 1041 4332 eathland,
1061 4263 1107 4328 qui
1127 4261 1214 4330 dign.
1237 4279 1263 4334 p.
1284 4265 1337 4321 498
1357 4280 1420 4321 ann.
1441 4269 1456 4322 2
1476 4265 1506 4320 in
1526 4265 1624 4323 Snidao

373 4354 465 4412 vorbis
484 4349 656 4433 Ἀυαγόραυ
704 4352 735 4405 in
753 4350 957 4428 Ἀνακτορίων
977 4352 1081 4407 mutari
1101 4352 1185 4408 iubet.
1208 4353 1325 4417 Quocum
1344 4353 1367 4408 si
1387 4353 1482 4425 facies,
1507 4355 1560 4410 duo
1578 4361 1626 4410 no-

373 4443 449 4498 mina
473 4442 610 4497 adiectiva
630 4441 702 4497 idem
721 4441 913 4509 significantia
938 4438 1154 4526 (’Aoanropa'or,
1181 4441 1341 4522 Μιλησία),
1367 4444 1476 4498 nullum
1495 4457 1559 4500 vero
1578 4457 1626 4498 no·

373 4548 436 4589 men
453 4531 596 4602 proprium
624 4532 748 4602 habebis
767 4531 837 4597 qnod
857 4545 939 4598 quam
957 4544 1117 4600 perversum
1132 4529 1183 4600 sit,
1203 4545 1280 4585 nemo
1296 4547 1351 4587 non
1370 4532 1452 4588 videt.

454 4620 505 4688 ***)
524 4623 542 4677 l.
562 4623 581 4677 l.
605 4636 627 4676 c.
649 4623 673 4677 l:
693 4620 758 4684 dra
781 4625 841 4702 γάρ
866 4617 972 4698 ἐκείνῳ
1000 4623 1045 4703 (⁸⁰.
1072 4625 1115 4698 τῷ
1139 4619 1312 4704 Σωκράτει)
1340 4616 1552 4707 Ἀλκιβιάδης
1573 4621 1626 4686 καὶ

376 4715 539 4796 Χαρμίδης
574 4710 626 4778 καὶ
650 4715 800 4795 Φαῖδριις,
839 4717 933 4776 τοῦτο
964 4715 1006 4804 τῇ
1031 4706 1161 4796 Λεσβίᾳ
1195 4709 1327 4808 sriptura
1364 4713 1417 4782 nal
1441 4711 1551 4797 Ἀτθὶς
1572 4713 1625 4781 καὶ

372 4819 658 4916 Ἀνακτορία,

1405 4993 1434 5043 q
1506 5019 1508 5025 .
