3804 5786
832 512 1044 584 -55-‘

303 761 448 813 numero
486 739 643 812 Alexidis
683 741 940 834 Amphidisque
981 740 1236 815 comoediarum
1274 723 1470 831 fragmenta
1508 744 1558 815 ita

304 881 503 965 comparata
540 880 636 966 sunt,
663 881 767 948 ulex
795 877 839 946 iis
865 873 908 946 de
933 874 1129 947 fabularum
1172 877 1388 965 argumentis
1426 876 1557 948 nullam
1656 949 1660 956 ,

303 1009 539 1082 coniecturam
577 1009 692 1081 facere
728 1011 889 1101 possis*).
923 1008 1089 1100 Superest
1115 1009 1189 1082 sola
1213 1009 1400 1083 Menandri
1425 1011 1558 1084 Leuca-

303 1142 372 1234 dia,
399 1165 466 1235 quo
504 1144 600 1217 fonte
638 1143 804 1219 ovidium
832 1147 869 1218 in
896 1145 1150 1236 compingenda
1177 1145 1325 1236 epistula
1357 1168 1458 1238 usum
1483 1167 1558 1219 esse

303 1277 504 1366 opinantur.
532 1279 626 1370 Quae
664 1280 781 1369 opinio
822 1301 926 1371 quam
963 1279 1123 1351 futilibus
1162 1281 1378 1369 argumentis
1412 1281 1557 1372 nitatur,

304 1412 423 1483 statim
449 1409 655 1485 videbimus
685 1413 739 1484 Ex
765 1411 953 1484 Menandri
991 1412 1187 1502 fragmento
1214 1434 1235 1484 a
1261 1411 1433 1486 Strabone
1457 1414 1501 1504 X,
1528 1436 1556 1486 o.

303 1552 374 1619 452
402 1555 539 1620 servato
581 1519 628 1639 lu.
654 1548 806 1622 Meinek.
831 1548 854 1619 l.
882 1547 905 1620 l.
932 1547 999 1619 vol.
1040 1546 1102 1639 IV,
1129 1569 1162 1638 p.
1193 1550 1277 1640 158)
1319 1570 1455 1620 summa
1481 1571 1559 1621 cum

302 1680 611 1754 verisimilitudine
637 1680 796 1754 concludi
834 1687 949 1772 potest
973 1681 1011 1752 in
1037 1680 1097 1752 illo
1139 1679 1296 1754 dramate
1321 1680 1559 1774 Sapphus

303 1813 478 1887 nullas
504 1821 682 1906 partes
707 1815 881 1887 fuisse
906 1825 941 1887 et
966 1821 1103 1886 tantum
1137 1820 1313 1906 tamquam
1339 1816 1378 1886 in
1403 1823 1558 1906 praeter-

304 1946 1561 2038 eundoinitiocomoediaepostprologumfamae

304 2082 598 2174 depoetria
626 2081 682 2154 de
708 2081 970 2155 Leucadio
1008 2084 1383 2173 promunturio
1419 2085 1560 2158 saltu

304 2216 529 2289 demissa
562 2218 875 2290 mentionem
915 2217 1107 2289 factam
1148 2237 1269 2290 esse.
1296 2217 1354 2290 En
1393 2218 1453 2290 illa
1486 2219 1560 2292 Me·

303 2350 430 2423 nandri
456 2349 499 2423 de
523 2350 710 2443 Sapphone
734 2350 840 2422 verba
866 2351 1058 2422 sexcenties
1083 2347 1277 2422 decantata:

610 2463 678 2557 Ov'·
702 2474 753 2556 da*
777 2473 836 2555 λε’
856 2502 1029 2570 parat
1057 2481 1207 2592 πρώτη
1233 2477 1401 2582 Σαπφώ

618 2617 692 2692 τόν
718 2614 1011 2724 ὑπέρκομπον
1037 2618 1209 2722 θηρῶσα
1236 2615 1378 2694 Φάων

617 2748 848 2854 οἰστρώνφι
876 2751 1008 2858 πόθῳ
1034 2742 1156 2858 ῥῖψαι
1183 2750 1345 2863 πέτρας

618 2880 708 2962 crud
736 2883 1002 2984 rubemaoooir.

301 3023 398 3113 Quae
409 3022 517 3094 verba
543 3025 573 3093 si
598 3025 650 3095 in
675 3003 897 3115 prologo
916 3025 1031 3115 posita
1054 3030 1179 3115 essent,
1206 3030 1281 3095 tum
1308 3046 1392 3097 sane
1419 3026 1560 3099 concedi

301 3162 419 3248 posset
443 3164 581 3247 poetam
607 3179 663 3229 eos
690 3160 749 3249 qui
776 3161 979 3249 spectabant
998 3157 1040 3230 de
1051 3158 1190 3231 fabulae
1215 3167 1435 3251 argumento,
1466 3159 1559 3252 quod

302 3295 516 3362 tractaturus
542 3296 628 3381 erat,
644 3288 787 3363 edocere
811 3293 973 3381 voluisse3
999 3293 1056 3363 oui
1074 3298 1191 3363 tamen
1218 3291 1397 3365 adversari
1422 3291 1562 3366 videtur

303 3435 462 3507 scholion
487 3435 525 3505 in
565 3433 861 3524 Hephaestionem
903 3434 948 3520 (ν.
977 3429 1169 3521 Westphal.
1211 3428 1353 3520 Scriptt.
1381 3435 1479 3501 metr.
1506 3450 1559 3520 gr.

300 3539 336 3657 p.
367 3567 464 3656 223),
492 3565 552 3637 ubi
579 3565 766 3637 scholiasta
793 3567 856 3636 hos
883 3571 1091 3655 anapaestos
1117 3554 1299 3654 clppotrp
1319 3565 1391 3649 rig
1411 3565 1561 3636 Λευκα-

304 3690 393 3784 dioc
425 3687 664 3805 Μενάνδρου
690 3699 881 3789 appellasse
918 3696 1068 3787 videtur,
1108 3718 1212 3788 quam
1243 3719 1362 3768 vocem
1401 3697 1562 3768 Meineke

303 3836 326 3906 l.
353 3835 468 3926 l.‘lp.
496 3837 566 3903 443
584 3833 792 3924 ‘proximum
818 3835 931 3906 locum
959 3839 1074 3923 post
1111 3829 1407 3922 prologum‘,
1447 3832 1562 3924 itaque

204 3991 207 4002 ·
305 3966 1561 4070 iamipsiusdramatisinitiumsigniiicaretestisest3

307 4104 347 4174 cr.
374 4100 458 4175 roro.
485 4103 552 4176 vo.
579 4102 641 4194 uu,
668 4125 702 4193 p.
732 4105 812 4173 rso.
1180 4081 1183 4086 ’

404 4234 460 4306 Ad
486 4243 732 4326 argumentum
770 4225 874 4307 huius
901 4234 1038 4307 fabulae
1063 4232 1318 4306 restituendum
1344 4256 1365 4305 a
1390 4235 1561 4306 recentio-

306 4368 404 4441 ribus
432 4368 635 4462 plerumque
659 4369 771 4441 Servii
797 4369 893 4440 locus
934 4389 1040 4458 supra
1065 4349 1191 4438 allatus
1218 4368 1362 4458 accium,
1388 4339 1449 4438 ubi
1477 4367 1562 4439 hacc

307 4509 509 4595 sequuntur:
542 4504 603 4592 „In
629 4491 725 4595 queis
753 4504 814 4595 (sc.
830 4503 968 4573 feminis
996 4522 1112 4572 amore
1138 4502 1175 4571 in
1201 4502 1378 4573 Phaonem
1404 4473 1562 4590 flagran-

307 4638 416 4729 tibus)
444 4637 511 4710 fuit
536 4658 642 4728 una,
669 4657 757 4728 quae
796 4634 837 4707 de
880 4639 997 4706 monte
1036 4633 1198 4720 Leucate,
1240 4656 1318 4705 oum
1356 4635 1463 4724 potiri
1489 4636 1562 4715 eius
1619 4701 1621 4706 .

373 5035 375 5040 ι
418 4960 489 5032 Ἣ.
507 4959 623 5024 hoinolc
643 4959 702 5024 1.1.
721 4959 763 5015 111
782 4971 828 5030 pp.
848 4957 909 5029 311,
927 4957 987 5022 442.
