3822 5758
915 458 968 535 IV

314 700 346 772 si
370 697 636 784 continuabitur,
667 698 719 770 ita
742 703 782 768 ut
806 694 976 768 Herodoti
1012 702 1143 786 quaque
1168 695 1255 784 Jides
1280 699 1380 786 atque
1418 692 1568 766 auetori-

313 840 378 925 tas,
405 831 521 926 (quod
545 832 618 904 iam
639 833 775 921 foetum
800 836 883 925 est),
924 829 963 902 in
988 829 1134 901 dubium
1171 810 1318 918 roratur,
1358 829 1501 920 quidam
1526 851 1568 901 en

271 1050 276 1062 ¹
311 969 459 1060 posteris
487 967 702 1040 Graecarum
727 965 927 1039 litterarum
951 961 1115 1038 historiae
1139 963 1365 1054 scriptoribus
1390 964 1440 1036 ita
1465 985 1567 1036 suam

314 1104 357 1176 de
387 1102 526 1193 poetria
563 1101 802 1173 narrationem
841 1099 988 1194 indpiat
1030 1119 1163 1170 necesse
1200 1098 1278 1170 erit:
1320 1099 1494 1186 „Transeo
1521 1099 1568 1170 od

314 1237 544 1331 Sappbanem,
570 1238 614 1310 de
639 1238 740 1309 euius
769 1236 841 1309 uita
866 1235 959 1308 nibil
983 1235 1174 1327 quidquam
1194 1238 1367 1308 aarum.

287 1375 289 1380 ’
411 1367 534 1461 Itaque
558 1389 637 1441 eum
663 1368 745 1441 baec
770 1389 878 1441 arena
902 1369 942 1439 in
966 1368 1041 1440 dies
1068 1367 1182 1459 maqis
1219 1366 1398 1459 maqisque
1430 1374 1567 1440 cantra·

314 1500 430 1588 batur,
481 1500 520 1572 in
557 1501 801 1592 componendis
839 1501 1154 1592 eanainnandisque
1180 1499 1345 1591 Sappbns
1370 1501 1567 1572 carminum

310 1633 523 1724 sraqmentis
559 1634 707 1726 indeque
744 1634 787 1706 de
820 1635 959 1726 poetria
1008 1633 1242 1706 aanaludenda
1288 1633 1442 1706 bomines
1479 1635 1569 1724 docti
1701 1674 1705 1690 ·

314 1767 471 1841 certatim
496 1790 637 1859 operam
658 1775 797 1859 ponunt
821 1790 926 1861 qnam
951 1767 1269 1859 dilipeutissimam.
1315 1767 1411 1857 Quae
1434 1768 1569 1859 inpenii

315 1902 486 1975 acuminis
511 1903 707 1975 eaeroitatia
745 1925 956 1996 quamquam
994 1902 1237 1976 amoenissima
1261 1908 1321 1993 est,
1360 1925 1441 1975 eum
1466 1903 1569 1994 quie

183 2082 186 2086 -
310 2036 522 2128 fraqmentis
542 2037 776 2130 frustratisque
799 2041 910 2109 tatum
934 2042 1117 2130 tamqnam
1133 2036 1307 2128 relinqure
1320 2043 1422 2128 atque
1434 2044 1568 2110 restau-

194 2170 197 2176 ’
314 2191 396 2242 rare
420 2175 577 2261 canatur,
605 2169 681 2262 ipse
702 2169 953 2261 quadammodo
979 2170 1130 2244 auctoris
1147 2171 1219 2242 uiae
1239 2171 1426 2262 funpatur‚
1453 2177 1569 2244 tamen

313 2310 470 2377 nostram
488 2304 646 2394 poetriae
671 2305 832 2377 notitiam
856 2305 999 2376 minime
1018 2309 1209 2396 promovet,
1224 2295 1317 2377 ‘eum
1333 2305 1399 2378 uni
1418 2305 1569 2397 feliciter

315 2448 415 2532 atque
440 2444 537 2512 anne
562 2438 771 2530 eneoqitatae
795 2437 952 2528 apiniani
990 2439 1081 2510 duae
1118 2439 1172 2511 ael
1202 2439 1330 2529 plures
1354 2461 1426 2512 non
1451 2439 1569 2513 minus
1619 2523 1622 2530 ,

315 2575 461 2664 arqutae
485 2570 613 2662 opponi
634 2570 779 2661 possint,
806 2591 869 2642 nee
893 2569 1027 2661 babeas,
1052 2591 1118 2662 qua
1145 2570 1244 2643 nisus
1269 2570 1359 2644 bano
1391 2571 1444 2643 uel
1468 2571 1568 2646 illam

314 2704 455 2796 refellas
479 2710 541 2777 aut
565 2703 725 2794 recipias.
753 2702 849 2791 Quae
872 2703 931 2775 oia
955 2726 1061 2795 qnam
1081 2703 1215 2777 lubrica
1228 2705 1285 2798 sit,
1311 2706 1477 2797 eaemplis
1489 2707 1569 2797 pla-

315 2863 401 2912 num
421 2841 541 2929 faeere
564 2838 873 2931 supersedebimus.

408 2947 503 3046 ¹(lum
526 2973 638 3064 iqitnr
663 2979 694 3046 et
719 2975 979 3064 arqutialarnm
1004 2996 1190 3047 numerum
1210 2995 1338 3066 aupere
1352 2982 1384 3048 et
1404 2976 1451 3046 ad
1463 2975 1570 3048 dubia

314 3107 421 3180 dubia
458 3129 651 3200 apprepare
688 3109 873 3200 noluerim,
913 3109 987 3182 alia
1019 3111 1076 3182 aia
1102 3110 1189 3183 milri
1218 3111 1458 3202 inpredienda
1485 3111 1567 3200 fuit.

315 3240 536 3332 Quapropter
571 3242 611 3313 in
648 3241 813 3335 Sapphus
850 3244 924 3316 uita
961 3244 1186 3316 retractanda
1223 3245 1270 3315 ad
1300 3243 1404 3316 dlnm
1438 3244 1570 3332 fantem

315 3376 585 3468 reqrrdiendum
610 3399 681 3452 esse
705 3380 803 3466 duni,
830 3379 891 3472 qui
914 3378 1014 3451 bodie
1031 3380 1240 3470 plerumque
1264 3378 1437 3452 immerito
1456 3380 1570 3470 nepl-

314 3498 421 3600 qr‘tur.
449 3510 591 3584 Oorrstat
616 3512 709 3584 enim
735 3512 773 3583 in
799 3512 1056 3606 Om‘rlianarum
1081 3510 1283 3585 Heraidnm
1307 3535 1453 3586 numera
1480 3512 1570 3603 Sap-

308 3646 406 3736 pbus
430 3669 562 3738 quoqne
586 3648 633 3719 ad
657 3614 834 3720 Phaonem
859 3646 1044 3738 epistulam
1070 3654 1215 3740 adstare,
1242 3647 1487 3740 euiplnrimas
1512 3668 1568 3721 res

315 3781 361 3851 ad
387 3780 496 3853 uitam
516 3780 672 3872 poetriae
694 3780 906 3871 pertimentes
930 3781 1111 3871 ampleaae
1136 3780 1305 3854 nudaret
1317 3780 1465 3852 minima
1480 3782 1569 3871 fides

309 3915 386 4005 fere
411 3915 452 3987 ab
477 3914 634 4009 amnibus
659 3915 904 3988 recentioribus
929 3915 1124 3989 bominibus
1161 3916 1271 3988 daetr's
1295 3915 1448 4001 babetur,
1491 3939 1570 3988 eum

313 4048 555 4140 etepistulam
591 4048 754 4140 spuriam
795 4055 942 4138 deum,
982 4071 1093 4140 aquo
1132 4019 1371 4139 aanplutinata
1409 4056 1468 4122 est.
1506 4071 1572 4122 sua

314 4181 504 4253 maalmam
525 4169 665 4272 partem
690 4180 731 4252 ab
756 4181 909 4273 antiquis
938 4181 1152 4254 Graecarum
1178 4181 1316 4254 commu
1350 4182 1458 4272 poetis
1494 4205 1571 4254 mu-

313 4323 453 4390 tuatum
476 4337 547 4388 esse
571 4317 610 4388 in
635 4317 763 4408 onlqns
789 4292 967 4388 eradatur.
1005 4316 1167 4387 Priorem
1208 4315 1405 4406 opinionem
1438 4316 1572 4405 falsam

313 4472 384 4523 esse
407 4451 507 4524 indie
532 4451 605 4522 iam
629 4451 793 4523 nonnulli
815 4457 899 4523 sunt
924 4451 984 4542 qui
1009 4451 1209 4540 concedant·
1233 4451 1416 4542 quaedam,
1444 4450 1482 4521 in
1496 4449 1571 4541 qui-

313 4584 375 4656 bus
399 4584 513 4656 adbue
538 4583 788 4676 offendebatur,
812 4583 875 4656 nas
899 4605 1031 4675 quaque
1056 4585 1095 4655 in
1112 4583 1294 4657 aarallaria
1308 4582 1389 4656 buia
1403 4583 1571 4656 disserta-

312 4718 400 4792 tioni
424 4717 586 4791 adiuncta
611 4719 729 4793 tollere
753 4717 975 4791 studebimus.
1005 4718 1120 4789 Oardo
1147 4723 1262 4789 autem
1281 4717 1386 4791 luins
1401 4739 1570 4790 cammen-

313 4851 455 4926 totianis
480 4851 518 4924 in
545 4853 657 4925 altera
682 4851 876 4944 quaestione
900 4850 1064 4923 soluenda
1091 4856 1259 4924 uersatur.
1301 4845 1348 4924 In
1373 4873 1438 4943 qua
1472 4872 1573 4943 opere
