3804 5786
779 366 1031 439 --ol-

305 593 396 667 hanc
409 593 630 686 Sapphonem
655 594 783 687 fictam,
810 596 854 668 ah
880 597 950 668 ihis
975 619 1058 671 vero
1085 617 1104 668 e
1130 593 1315 669 comoediis
1340 593 1559 684 desumptam

285 749 381 801 ,esse
407 749 427 801 a
452 731 601 802 veritate
627 750 698 800 non
725 729 913 802 abhorrere
939 731 1026 802 mihi
1051 729 1200 802 videtur.
1228 727 1343 820 Supra
1368 728 1460 799 enim
1485 727 1559 819 pla-

305 882 390 933 num
414 860 557 931 fecimus
584 861 677 932 inter
702 858 864 953 Sapphus
890 863 1058 952 carmina,
1086 881 1174 956 quae
1199 859 1243 931 ad
1256 857 1559 949 Phaonem-perti-

305 993 447 1085 nebant,
473 1016 582 1066 unum
607 995 725 1082 fuisse,
765 995 825 1067 uhi
852 995 962 1068 Naias
1001 995 1159 1088 poetriae
1184 992 1358 1080 suaderet,
1404 997 1444 1064 ut
1468 990 1560 1064 saltu

307 1128 350 1201 de
374 1127 536 1201 Leucade
560 1135 695 1203 tentato
721 1130 844 1202 insano
871 1131 981 1202 amori
1007 1127 1215 1220 mederetur3
1256 1129 1354 1201 cuius
1393 1125 1561 1200 carminis
1635 1188 1642 1196 .

306 1270 343 1337 et
366 1263 575 1356 particulam
601 1266 694 1336 inter
719 1264 875 1354 poetriae
900 1265 1097 1354 fragmenta
1122 1270 1296 1336 servatam
1323 1267 1357 1333 et
1375 1279 1562 1350 argumen-

307 1403 382 1470 tum
408 1396 451 1468 ah
478 1394 605 1468 Ovidio
631 1419 686 1480 11.
704 1378 896 1468 157-175
924 1397 1094 1470 imitando
1108 1418 1310 1490 expressum
1326 1395 1562 1487 epistulasque

308 1531 480 1603 intextum
506 1551 582 1602 esse
607 1529 833 1603 ostendimus.
873 1529 928 1601 Ex
966 1531 1031 1603 hoc
1069 1532 1145 1620 ipso
1184 1530 1339 1603 carmine
1371 1530 1464 1602 fama
1502 1529 1563 1601 illa

308 1665 395 1737 oriri
421 1665 536 1756 potuit
561 1663 781 1756 Sapphonem
819 1686 859 1736 re
883 1686 968 1737 vera
994 1663 1141 1736 Naiadis
1181 1665 1325 1737 consilio
1361 1663 1561 1737 obsecutam

308 1798 351 1872 de
376 1801 435 1872 1110
460 1802 704 1892 promunturio
731 1801 768 1872 in
794 1820 890 1872 mare
928 1805 970 1872 se'
1003 1798 1254 1891 praecipitasse
1270 1800 1318 1892 *)·‚
1351 1821 1456 1889 porro
1497 1819 1558 1869 au-

309 1942 379 2007 tem
406 1934 498 2006 idem
525 1956 665 2006 carmen
692 1936 833 2006 comicis
872 1956 1006 2026 quoque
1033 1955 1155 2006 ansam
1181 1934 1288 2024 dedit,
1327 1954 1396 2025 qua
1423 1938 1563 2022 arrepta

310 2064 532 2155 Sapphonem
560 2066 727 2156 psaltriae
765 2088 949 2157 personam
988 2064 1145 2138 indutam
1173 2065 1359 2156 profugum
1394 2057 1564 2135 amasium

312 2206 503 2272 sectantem
530 2200 567 2271 in
593 2220 754 2271 scaenam
781 2200 990 2272 inducerent
1015 2199 1265 2292 desperatoque
1289 2171 1451 2270 successu
1478 2196 1564 2268 illud

310 2330 503 2421 periculum
517 2329 722 2403 subeuntem
736 2332 914 2403 facerent*
921 2333 967 2423 i).
996 2332 1051 2403 lta
1065 2331 1321 2422 simplicissime
1335 2328 1394 2400 illa
1408 2329 1564 2420 quaestio

233 2439 235 2444 ¹
313 2464 398 2536 solvi
424 2469 548 2554 potest.
576 2462 677 2535 iham
704 2467 798 2536 enim
825 2464 867 2536 de
892 2466 1049 2556 poetriae
1075 2463 1249 2537 Leucadio
1276 2464 1367 2536 saltu
1393 2463 1565 2534 narratio-

301 2576 390 2671 nem
417 2601 560 2670 minimc
587 2601 737 2672 veritate
775 2602 842 2673 niti
881 2601 1000 2674 multis
1041 2602 1256 2691 argumentis
1299 2599 1369 2670 iam
1395 2603 1476 2670 ante
1502 2618 1566 2670 nos
1665 2597 1667 2603 ’

311 2733 354 2805 ab
380 2732 459 2804 aliis
484 2733 629 2822 prolatis
656 2732 888 2805 demonstrari
914 2741 1038 2826 potest:
1068 2736 1221 2826 primum
1248 2734 1340 2804 enim
1361 2733 1487 2803 mirum
1514 2737 1567 2802 est

311 2867 485 2938 neminem
510 2855 668 2936 veterum
694 2843 883 2937 memoriae
909 2864 1114 2958 prodidisse,
1155 2866 1266 2969 qualis
1293 2871 1436 2936 eventus
1480 2861 1565 2935 illud
1634 2912 1636 2915 -

311 2997 425 3072 audax
452 2999 614 3091 Sapphus
640 3001 776 3072 facinus
803 3007 941 3072 secutus
969 3009 1069 3090 esset3
1102 3023 1205 3091 porro
1232 3001 1268 3073 11
1297 2999 1410 3072 indice
1436 3020 1566 3084 eorum,

311 3154 395 3224 quos
432 3130 518 3204 illud
556 3134 750 3224 periculum
788 3135 936 3206 subiisse
974 3135 1110 3226 antiqui
1149 3133 1358 3222 referebant,
1404 3131 1566 3223 Sapphus

314 3397 742 3404 ——--—-—--—---———--·

423 3577 766 3648 perhonorans.

409 3667 446 3735 **)
465 3668 563 3734 Quodsi
582 3668 613 3722 in
630 3667 791 3724 uuiversum
818 3667 922 3723 clarius
950 3667 1124 3736 designatum
1152 3667 1255 3723 habere
1284 3667 1363 3738 velis,
1388 3682 1458 3733 quae
1476 3669 1509 3722 ut
1527 3666 1569 3722 ita

314 3757 404 3812 dicam
423 3757 594 3812 necessitudo
623 3757 698 3812 inter
718 3757 844 3827 Sapphus
874 3756 998 3836 carmina
1016 3758 1064 3827 (A),
1093 3756 1248 3813 Atticorum
1276 3758 1429 3813 comoedias
1448 3757 1510 3832 (⁴21),
1540 3759 1568 3812 01

315 3847 477 3904 0111101111
505 3849 632 3917 Sapphus
660 3847 809 3917 epistulam
827 3849 863 3914 (a)
881 3848 1045 3918 intercedat,
1074 3848 1126 3903 duo
1151 3849 1297 3903 stemmata
1325 3849 1379 3904 tihi
1398 3849 1569 3918 apponimus,

314 3937 541 4005 qnorumpriore
559 3937 743 4006 plurimorum
763 3951 776 3991 e
796 3937 996 3992 recentioribus
1016 3938 1164 4009 sententia,
1183 3939 1337 4007 posteriore
1363 3940 1454 3994 autem
1474 3939 1569 3993 nostra

315 4026 429 4095 propius
449 4026 619 4083 declaratur:
