3822 5758
838 425 1086 502 -39-'

309 655 416 730 multo
441 664 522 730 aute
546 658 750 750 Euripidem
765 660 913 733 Alcaeus
928 663 1081 734 carmine
1095 660 1137 733 de
1151 668 1247 734 scuto
1272 664 1311 734 in
1337 683 1463 754 pugna,
1483 684 1560 736 cum

308 789 582 864 Atheniensibus
607 793 700 884 apud
727 793 866 884 Sigeum
896 796 1113 868 aseabiecto
1145 796 1384 889 Melanippum
1410 798 1563 870 amicum

309 927 489 998 certiorem
527 928 666 1019 lecerat,
706 937 745 1001 ut
783 928 909 1001 Herod.
953 929 996 1012 V,
1038 934 1092 1003 95¹
1122 937 1280 1003 testatur:
1335 933 1480 1006 casira
1520 922 1562 1006 de*
1672 995 1676 1006 .

308 1053 501 1150 Ἀλναῑος
561 1061 599 1138 ἐν
650 1055 822 1163 μέλεϊ
875 1063 1126 1156 ποιήσας
1190 1065 1474 1141 ἐπιτιθεῖ
1523 1064 1562 1158 ἐς

309 1187 559 1292 Μυτιλήνην,
599 1189 958 1307 ἐξαγγελλόμενος
985 1198 1036 1273 τό
1064 1196 1246 1275 ἑωυτοῦ
1273 1198 1415 1292 πάθος
1436 1191 1562 1279 Μελα-

308 1330 453 1436 νίππῳ
479 1323 598 1440 dudpi
623 1329 792 1440 ἑταίρᾳ
832 1336 872 1407 cf.
899 1335 1018 1407 Alcaei
1044 1336 1132 1426 frag.
1162 1339 1205 1408 32
1233 1336 1326 1427 apud
1359 1337 1560 1426 Bergkium.

306 1467 473 1541 Attamen
500 1491 543 1541 ne
569 1469 673 1541 huius
699 1468 838 1559 quidem
877 1471 1045 1564 epistulae
1084 1480 1326 1562 argumentum
1354 1474 1562 1546 amatorium

305 1603 382 1675 fuit.
411 1602 535 1693 Itaque
561 1602 629 1674 nisi
655 1603 729 1694 alio
751 1603 850 1676 modo
877 1625 950 1675 rem
965 1603 1126 1694 expedire
1151 1605 1281 1695 liceret,
1308 1604 1464 1699 Diltheyi
1483 1625 1562 1678 sen·
1697 1610 1700 1616 '

305 1738 416 1811 tentia
429 1735 657 1828 praeferenda
670 1745 755 1831 erut,
778 1740 836 1831 qui
854 1741 953 1812 initio
966 1737 1183 1829 „Observatt
1200 1743 1238 1813 iu
1251 1740 1416 1832 epistulas
1430 1737 1560 1812 heroid.

308 1867 411 1944 Ovid.
439 1892 461 1961 p
497 1867 515 1939 i
541 1869 758 1963 (Gottingae,
776 1875 884 1964 1884)
909 1871 1072 1946 Ovidium
1086 1873 1342 1947 Alexandrinos
1367 1880 1496 1966 poetas,
1525 1876 1562 1947 in

306 2026 457 2097 quorum
483 2005 697 2077 carminibus
736 2007 906 2096 epistulae
932 2009 1119 2080 amatoriae
1157 2029 1221 2080 usu
1253 2013 1413 2098 receptae
1450 2014 1560 2099 erant,

225 2125 229 2136 ¹
304 2141 478 2214 imitatum
505 2160 584 2212 esse
609 2162 814 2233 persuasum
828 2142 982 2234 habeti).
1010 2142 1059 2215 At
1083 2165 1156 2215 rem
1170 2142 1275 2216 altius
1289 2147 1445 2235 repetere
1468 2142 1559 2216 licet.

303 2274 503 2347 Athenaeus
529 2275 621 2347 enim
648 2275 679 2346 X
705 2298 738 2368 p.
760 2246 838 2348 '450
853 2276 884 2346 E
898 2276 951 2367 ll)
966 2275 1067 2348 affert
1080 2277 1232 2367 amplum
1257 2277 1493 2367 fragmentum
1520 2299 1562 2350 ex

306 2409 535 2500 Antiphanis,
562 2409 695 2482 mediae
721 2431 807 2502 quae
847 2408 975 2482 dicitur
1002 2410 1196 2482 comoediae
1220 2416 1350 2501 poetae,
1377 2410 1562 2503 Sapphone

307 2547 499 2635 sumptum,
537 2542 597 2616 ubi
636 2545 769 2633 poetria
805 2545 969 2636 griphum
997 2543 1133 2617 cuidam
1159 2544 1359 2617 solvendum
1386 2546 1560 2638 proponit3

306 2675 396 2771 quod
422 2697 500 2749 cum
527 2677 585 2748 ille
614 2679 751 2769 comice,
779 2699 849 2750 uon
875 2684 989 2750 autem
1015 2699 1056 2750 ex
1082 2680 1234 2768 poetriae
1259 2679 1432 2758 sententia
1460 2679 1561 2752 fecis-

307 2819 371 2904 set,
399 2810 540 2902 Sappho
579 2813 656 2901 ipsa
694 2810 793 2883 docet
831 2811 1419 2903 illoaenigmatefepistulam
1446 2810 1560 2904 desig-

305 2948 392 3020 nari.
437 2947 624 3038 Quaeritur
662 2954 789 3040 autem,
816 2949 854 3020 in
881 2968 1029 3040 quonam
1068 2949 1319 3019 sententiarum
1359 2967 1448 3020 nexu
1475 2947 1561 3021 illud

309 3081 470 3170 aenigma
508 3079 620 3152 locum
661 3080 825 3152 habuerit
862 3081 915 3154 vel
941 3079 986 3152 ad
1024 3102 1126 3172 quam
1166 3102 1238 3152 rem
1270 3078 1449 3172 Sapphoni
1474 3101 1560 3172 opus

306 3215 413 3287 fuerit
438 3214 596 3304 epistula.
628 3212 727 3305 Quod
754 3214 840 3284 mihi
866 3216 916 3285 ita
931 3212 1172 3305 explicandum
1199 3183 1272 3285 esse
1298 3212 1447 3286 videtur:
1474 3213 1561 3307 Sap·

303 3349 372 3440 pho
398 3370 419 3420 a
445 3349 587 3420 Phaone
617 3329 752 3420 deserta
765 3347 949 3438 epistulam
975 3348 1178 3420 amatoriam
1205 3346 1249 3419 ad
1275 3347 1452 3420 absentem
1478 3349 1559 3421 mit-

305 3491 379 3557 tere
404 3484 558 3572 gestiens
597 3504 618 3554 a
656 3485 784 3554 comico
824 3479 1063 3571 inducebatur,
1090 3483 1174 3574 quin
1201 3483 1304 3554 etiam
1330 3482 1408 3553 fieri
1434 3483 1558 3574 potuit,

302 3624 342 3690 ut
366 3618 439 3690 iam
470 3617 634 3707 scriptam
674 3614 733 3688 illo
772 3606 969 3705 aenigmate
996 3615 1107 3688 soluto
1134 3617 1171 3688 in
1198 3636 1322 3687 scaena
1347 3616 1558 3689 recitaverit.

304 3752 372 3843 Qui
399 3731 591 3822 comoediae
628 3749 724 3822 locus
764 3747 928 3821 Ovidium
954 3748 1123 3838 legentem
1151 3771 1234 3821 sane
1260 3770 1474 3821 commovere
1498 3771 1559 3840 po-

301 3885 381 3976 tuit,
408 3890 448 3956 ut
473 3883 577 3956 talem
604 3883 788 3973 epistulam
815 3889 1033 3974 componeret
1058 3884 1107 3954 eis
1141 3883 1323 3955 sententiis
1350 3903 1445 3975 usus,
1471 3904 1559 3976 quae

301 4021 339 4092 in
364 4019 527 4113 Sapphus
566 4019 780 4093 carminibus
819 4039 1000 4110 expressae
1026 4025 1127 4092 erant
1153 4025 1187 4091 et
1213 4017 1256 4091 ad
1283 4021 1437 4111 poetriae
1462 4003 1559 4108 inge
1610 4107 1611 4112 Ἰ

300 4154 398 4226 nium
412 4152 676 4226 describendum
691 4151 967 4226 accommodatae
980 4173 1053 4226 esse
1066 4152 1285 4244 videbantur3
1314 4177 1363 4227 co
1382 4177 1415 4226 m
1429 4156 1441 4227 i
1456 4176 1474 4228 c
1487 4179 1511 4228 u
1523 4177 1558 4228 m

298 4287 391 4358 enim
417 4286 660 4378 Antiphaueae
697 4284 858 4377 Sapphus
897 4287 1064 4377 epistulae
1089 4294 1333 4376 argumentum
1359 4288 1403 4361 ad
1428 4291 1554 4381 genui-

407 4653 430 4720 ’)
448 4654 487 4713 (ΙΙ.
508 4655 629 4713 hhuald.
649 4658 668 4712 l.
689 4658 708 4712 l.
728 4672 754 4726 p.
775 4657 835 4714 214.

394 4760 431 4832 *’)
449 4763 477 4818 V.
497 4763 612 4825 Meinah.
633 4762 729 4832 llragg.
750 4778 816 4820 com.
835 4778 925 4833 graec.
945 4765 995 4837 III,
1014 4780 1040 4837 p.
1063 4768 1112 4823 112
1133 4781 1171 4840 sq.
