3822 5758
904 433 1097 505 ...24-

373 660 486 735 Simili
511 660 611 734 modo
636 663 770 755 poetria
796 662 918 737 affecta
944 683 1021 737 esse
1045 670 1192 758 poterat,
1236 687 1314 738 oum
1340 664 1385 738 ad
1410 665 1521 761 lyram
1547 687 1626 758 oon-

289 881 295 892 ,
373 815 475 867 versa
501 815 541 867 ea
566 795 784 889 exclamavit,
810 817 900 888 quae
923 798 1013 888 frag.
1043 800 1089 870 45
1115 797 1274 888 legimus:

566 920 675 1024 ”Ape
702 921 750 1025 δή
778 927 935 1029 χέλυ
961 923 1031 1008 ded
1059 955 1140 1028 μοι

571 1064 871 1162 φωνάεσσα
896 1063 1051 1176 γένοιο.

967 1300 1043 1374 XV.

475 1493 519 1569 In
547 1495 608 1568 illa
633 1494 780 1569 Naiadis
806 1498 979 1592 nymphae
1005 1496 1087 1570 sede
1113 1496 1340 1571 describenda
1368 1501 1413 1591 (v.
1445 1503 1512 1572 157
1540 1502 1629 1594 sqq.)

378 1627 503 1704 Ovidio
529 1629 691 1723 Sapphus
719 1652 870 1724 carmen,
899 1634 998 1705 ouius
1023 1632 1212 1712 frustulum
1250 1634 1339 1724 frag.
1366 1638 1390 1706 4
1416 1639 1540 1727 exstat,
1572 1634 1632 1706 ob·

377 1772 553 1840 versatum
592 1786 667 1838 esse
692 1766 762 1838 iam
788 1766 906 1857 Bergk
943 1765 988 1839 ad
1014 1767 1048 1838 h.
1075 1767 1098 1838 l.
1126 1768 1273 1860 monuit;
1312 1769 1490 1842 Romanus
1530 1772 1632 1860 poeta

378 1901 515 1970 tantum
540 1897 700 1970 arborem
726 1898 896 1972 Punicam
920 1899 990 1972 loto
1017 1901 1253 1974 eommutavit:

530 2032 595 2104 Est
620 2031 754 2105 nitidus
779 2034 938 2125 vitroque
964 2034 1076 2124 magis
1102 2033 1300 2126 perlucidus
1326 2036 1419 2109 omni

580 2166 673 2241 Fons
699 2189 798 2242 sacer
813 2225 820 2240 .
837 2225 844 2241 .
863 2169 897 2263 *)

528 2303 639 2394 Quem
666 2324 962 2397 supraramos
989 2305 1585 2398 extenditaquaticalotos

578 2435 657 2511 Una
683 2459 817 2512 nemus.
1160 2447 1161 2452 ’

575 2566 711 2671 Ἀμφὶ
737 2562 784 2644 ds*
809 2572 980 2678 ψύχρον
1020 2562 1177 2646 κελάδει
1205 2563 1261 2646 do'
1287 2571 1319 2649 ὕ
1334 2565 1478 2648 ocimo

576 2696 848 2802 μαλίνων,
877 2701 1204 2802 αἰθνσσομὲνων
1231 2697 1278 2782 δέ
1304 2697 1520 2812 φύλλων·Ι

519 2929 525 2940 ·
682 2838 799 2936 κῶμα
827 2848 1031 2947 καταρρεῖ
1052 2843 1125 2937 il).
1191 2895 1194 2903 Δ

383 2970 420 3045 Si
446 2971 676 3062 Hermogenis
701 2972 818 3065 verba,
845 2976 904 3066 qui
927 2975 970 3046 de
983 2976 1082 3049 form.
1110 2976 1261 3069 oratii,
1289 2983 1312 3050 4
1342 2978 1451 3071 (apud
1478 2978 1638 3071 Spengel.

383 3104 502 3177 Rhett.
530 3076 583 3195 gn
611 3105 646 3175 ΙΙ
683 3128 717 3197 p.
746 3109 832 3199 358)
874 3108 960 3181 haec
986 3109 1053 3182 duo
1079 3107 1275 3200 fragmenta
1314 3113 1475 3204 servavit,
1514 3133 1639 3202 urgere

383 3239 479 3330 velis,
493 3245 569 3311 tum
595 3241 612 3312 i
620 3263 640 3313 o
654 3263 677 3312 n
692 3248 706 3313 t
719 3263 738 3312 e
752 3263 785 3312 m
811 3263 948 3335 quoque
962 3250 996 3316 et
1021 3249 1096 3335 poi
1112 3268 1143 3342 χ
1158 3263 1184 3346 ρ
1200 3269 1223 3316 o
1239 3269 1256 3319 ν
1284 3245 1403 3318 eadem
1418 3268 1492 3318 esse
1505 3255 1638 3320 statuas

385 3395 526 3446 necesse
552 3375 628 3446 erit:
656 3397 737 3447 nam
763 3376 883 3448 rhetor
909 3376 966 3448 ille
992 3379 1162 3484 ψύχρον
1188 3381 1205 3452 i
1214 3402 1233 3451 r
1248 3380 1260 3451 i
1273 3401 1296 3470 g
1311 3380 1323 3450 i
1338 3380 1360 3451 d
1375 3403 1395 3452 a
1409 3402 1443 3452 m
1469 3382 1515 3454 fo
1529 3388 1582 3453 nt
1596 3382 1608 3453 i
1622 3403 1639 3453 s

497 3756 598 3825 ‘)Bht
616 3757 635 3812 l.
646 3758 666 3812 1.
685 3769 713 3824 p.
723 3756 775 3813 430
795 3756 878 3825 putat
895 3756 969 3811 huuo
987 3770 1096 3812 versum
1116 3770 1273 3826 expressum
1284 3771 1342 3812 esso
1353 3771 1367 3812 o
1378 3756 1485 3814 Gallim.
1496 3755 1569 3824 frag.
1580 3757 1641 3813 298:

561 3841 563 3845 ⁷
599 3846 708 3930 Κρήνη
731 3848 843 3910 λευκόν
868 3843 950 3929 ὕδωρ
974 3845 1160 3934 ἀνέβαλλεν.

385 3957 459 4012 Idem
477 3969 558 4026 porro
578 3970 605 4023 p.
624 3954 677 4011 432
697 3956 765 4010 extr.
784 3957 862 4012 nullo
882 3955 1036 4024 fragmento
1065 3955 1152 4011 allato
1171 3953 1255 4025 ‘apud
1274 3953 1476 4012 Callimachum
1503 3955 1640 4023 poetriam

386 4046 486 4102 adiisse
515 4046 620 4101 fontem
648 4058 858 4112 numerosaeque
887 4045 928 4100 ihi
956 4045 1081 4111 querelas
1101 4043 1226 4099 edidisse'
1254 4044 1344 4114 lingit.
1373 4046 1442 4101 Sane
1471 4045 1573 4100 mirum
1598 4046 1641 4100 est

385 4135 498 4203 Berglrii
517 4134 723 4190 annotationem
741 4135 800 4190 viro
820 4136 913 4204 sagaci
932 4135 1055 4204 ignotam
1073 4135 1169 4205 fuisse3
1188 4148 1256 4200 quae
1274 4133 1330 4188 nisi
1350 4148 1411 4188 eum
1429 4134 1556 4205 fugisset,
1581 4135 1640 4190 sino

386 4223 468 4280 dubio
488 4239 550 4279 oum
568 4222 763 4294 prohibuisset,
783 4225 927 4290 quominus
945 4223 1178 4280 intollimaohois
1196 4223 1279 4278 huius
1297 4221 1422 4278 Heroidis
1441 4223 1641 4284 similitudines

387 4314 581 4382 aucuparetur.

479 4401 518 4469 **)
535 4402 612 4459 liano
638 4403 850 4472 desoriptionem
879 4406 984 4459 veteres
1011 4404 1150 4474 imprimis
1178 4405 1208 4458 in
1235 4403 1344 4459 delioiis
1371 4403 1521 4475 habehant,
1549 4406 1581 4460 ut
1608 4419 1641 4460 er

293 4543 296 4552 ,
386 4494 504 4550 Demetr.
524 4493 556 4548 de
576 4495 641 4549 eloo.
663 4508 684 4549 o.
707 4495 755 4551 132
774 4494 910 4561 (Spengel.
930 4493 1022 4549 Rhett.
1042 4508 1082 4563 gr.
1103 4496 1145 4551 ΙΙΙ
1163 4509 1190 4564 p.
1211 4495 1272 4560 291)
1289 4494 1375 4563 patet,
1395 4493 1442 4559 oui
1466 4493 1561 4548 rhetor
1581 4508 1641 4550 eam

387 4583 541 4651 respexisse
561 4581 680 4653 videtur,
700 4597 762 4637 eum
780 4581 858 4638 dioit:
877 4580 937 4644 εἶσὶ
960 4582 999 4645 δέ
1022 4581 1055 4648 oi
1079 4581 1108 4645 ῐν
1132 4592 1197 4659 τοῖς
1221 4583 1384 4667 πράγμασι
1417 4580 1553 4666 χάριτες,
1577 4574 1641 4645 οἷον

389 4695 436 4735 νυ
448 4659 621 4757 μφαῐοι
658 4678 811 4752 κῆποι,
847 4670 996 4756 ripo‘roaor,
1035 4673 1149 4758 ἔρωτες,
1185 4666 1244 4754 itp
1272 4673 1293 4755 ἡ
1318 4675 1475 4754 Σοπῳοῦς
1509 4673 1639 4752 ποίησις.

388 4780 484 4845 ltaque
504 4777 615 4834 Ovidius
633 4792 737 4844 quoque
756 4778 849 4834 faeere
868 4792 923 4832 non
940 4779 1039 4850 potuit
1059 4779 1126 4846 quin
1146 4793 1207 4834 eum
1216 4781 1306 4836 looum
1316 4765 1449 4840 imitando
1466 4776 1640 4853 exprimeret

389 4870 540 4942 praeeunte
559 4869 672 4928 Horatio
692 4869 773 4938 llpod.
796 4873 820 4939 2,
841 4871 884 4942 273
903 4884 928 4927 v.
948 4871 1036 4946 Bergk
1056 4871 1090 4927 ad
1108 4871 1135 4927 h.
1156 4873 1175 4934 l,
