3804 5786
902 372 1096 444 ..73-

375 606 469 680 vocis
495 604 685 677 claritatem
712 602 964 693 designandam
997 598 1166 699 peruror
1206 601 1414 674 adiectivum
1454 601 1625 693 adhibuit
1716 632 1720 641 ·

373 765 406 814 v.
433 730 534 834 Pyth.
562 739 623 831 IV,
650 762 682 810 v.
699 742 793 812 283:

522 868 733 976 ὀρφανίζει
750 873 825 970 μὲν
841 861 963 946 nasac
977 862 1169 979 γλῶσσαν
1195 872 1439 967 φαενναῖς
1466 867 1625 960 ὀπός.

374 1008 427 1080 De
453 1031 520 1101 quo
548 1016 728 1101 poetarum
768 1030 834 1080 usu
873 1007 1052 1079 Buchholz
1088 1007 1243 1101 (Anthol.
1274 1008 1319 1098 II,
1348 1005 1400 1078 ed.
1430 1011 1449 1079 3
1477 1029 1510 1098 p.
1538 1008 1623 1100 216)

376 1139 462 1212 haec
487 1148 614 1214 monet:
645 1141 732 1232 „Die
757 1142 821 1214 auf
841 1141 1006 1232 Licha,
1052 1140 1149 1215 Ton
1176 1140 1247 1213 und
1274 1141 1438 1214 Farbe
1471 1140 1628 1230 beztgli-

376 1274 464 1347 chen
489 1275 700 1349 Ausdrttcke
724 1277 865 1372 werden
892 1279 942 1350 oft
966 1276 1202 1350 vertauscht“.
1230 1260 1336 1347 dhnl.
1365 1269 1477 1370 φωνή
1517 1261 1627 1369 λαμ-

316 1401 322 1414 ’
377 1405 467 1507 πρά
509 1412 587 1503 (vox
614 1381 735 1502 clara),
757 1399 889 1508 ,φωνή
915 1403 1128 1507 α’λαμπής,
1169 1398 1348 1503 μέλαινα
1387 1407 1460 1480 und
1498 1398 1625 1498 λευκή

376 1569 409 1616 u.
439 1567 470 1618 a.
496 1544 605 1617 Porro
630 1543 723 1635 apud
748 1544 926 1621 Platonem
952 1565 1086 1636 quoque
1112 1545 1220 1635 Legg.
1236 1567 1269 1636 p.
1286 1543 1403 1617 8121)
1431 1542 1626 1641 σαφήνεια
1651 1520 1655 1525 ι

377 1681 458 1754 τών
485 1667 654 1778 χορδῶν
681 1679 875 1751 claritatem
902 1679 1120 1769 chordarum,
1148 1679 1182 1750 h.
1198 1701 1226 1752 e.
1243 1680 1354 1753 claros
1380 1701 1499 1752 earum
1525 1701 1626 1752 sonos

375 1813 546 1906 designat.
585 1814 743 1888 Eandem
781 1814 1070 1907 significationem
1109 1817 1240 1890 habent
1277 1816 1451 1890 adiectiva
1483 1808 1528 1887 λι
1532 1809 1626 1924 yolo,

375 1939 574 2062 λιγυρός,
599 1943 922 2061 λιγύφθογγος
936 1953 982 2044 l).
1011 1950 1122 2026 simili
1148 1952 1248 2025 modo
1288 1953 1356 2024 iarn
1382 1950 1475 2042 apud
1502 1950 1627 2024 Home

226 2169 229 2174 ι
375 2104 454 2155 rum
483 2085 535 2176 (ll.
562 2084 606 2176 V,
635 2089 704 2158 785
732 2087 797 2179 sq.)
825 2084 990 2178 Stentori,
1016 2107 1144 2177 magna
1171 2107 1255 2160 voce
1280 2083 1448 2178 praedito,
1488 2080 1628 2159 αστὲ-
1736 2165 1738 2170 ,

377 2238 453 2290 reor
478 2217 584 2290 verbo
610 2239 736 2291 nomen
762 2217 912 2291 inditum
939 2225 1001 2291 est:

739 2339 995 2452 Στέντορι..
1014 2408 1022 2424 .
1052 2343 1341 2449 χαλκεοφώνῳ,

527 2475 571 2570 ὃς
597 2479 723 2559 τόσον
750 2477 992 2583 αὐδήσασχ’,
1020 2475 1119 2560 ὅσον
1146 2474 1269 2558 ἄλλοι
1298 2483 1564 2580 πεντήκοντα.

380 2618 435 2692 cf.
460 2619 561 2692 Curt.
585 2619 608 2692 1.
634 2619 657 2691 l.
684 2641 718 2711 p.
747 2625 831 2692 213.
857 2623 913 2694 lta
937 2621 1040 2715 lbyco
1055 2642 1190 2714 quoque
1213 2627 1337 2712 poetae
1359 2641 1477 2694 avoco
1502 2642 1629 2694 nomen

378 2752 529 2827 inditum
554 2776 629 2827 esse
653 2753 802 2862 videtur,
829 2755 931 2846 quod,
958 2760 998 2826 ut
1022 2749 1127 2845 ἴβαξ
1152 2753 1226 2827 avis
1242 2775 1378 2846 nomen,
1404 2777 1482 2860 cum
1497 2749 1628 2828 ἰσίαν

378 2888 484 2961 verbo
510 2889 683 2980 cohaeret
722 2890 763 2962 cf.
793 2888 891 2962 Curt.
930 2889 952 2960 l.
979 2889 1002 2960 l.
1029 2911 1063 2981 p.
1093 2894 1174 2979 5853
1202 2856 1355 2980 sitr1.,''1.
1382 2889 1404 2960 l.
1433 2889 1449 2960 l
1481 2911 1515 2980 p.
1545 2893 1628 2962 312.

378 3022 487 3096 Porro
500 3021 760 3097 Demosthenici
785 3045 921 3117 quoque
946 3025 1159 3114 cognominis
1185 3013 1417 3108 Βάτταλος
1435 2989 1491 3097 ιαα
1518 3024 1625 3116 expli-

380 3157 470 3234 catio
496 3158 684 3249 plurimum
709 3133 949 3251 arridetque
975 3158 1010 3230 id
1037 3180 1226 3249 cognomen
1252 3180 1330 3231 cum
1357 3155 1533 3251 βάττος,
1554 3166 1629 3251 βα-

381 3288 575 3394 rupidus,
588 3292 694 3388 squod
719 3293 893 3367 balbutire
919 3292 1105 3387 significat,
1135 3295 1361 3386 componitur3
1393 3266 1447 3366 ct
1462 3295 1505 3365 A.
1524 3293 1630 3368 Schts

364 3427 444 3500 leri
470 3402 744 3517 ¹„Demosthenes
769 3450 804 3500 u.
832 3448 858 3498 s.
880 3427 978 3500 Zeit“
998 3427 1050 3498 ed.
1069 3433 1100 3520 2,
1128 3428 1145 3499 l
1170 3449 1204 3520 p.
1221 3430 1301 3500 340.
1328 3428 1493 3501 Fortasse
1507 3426 1630 3501 Corin-

331 3609 333 3612 -
380 3580 446 3632 nae
471 3582 606 3654 quoque
632 3557 769 3648 Μαίας
796 3581 984 3651 cognomen
1022 3582 1043 3633 a
1081 3566 1396 3635 susurrante
1431 3583 1514 3635 voce
1540 3545 1630 3634 indi-

302 3737 303 3742 *
379 3683 454 3766 tum
480 3700 543 3786 est,
569 3693 661 3787 quod
687 3694 790 3769 Statii
816 3694 898 3768 Silv.
925 3693 969 3786 V,
998 3699 1030 3786 3,
1059 3700 1128 3768 158
1148 3697 1254 3769 verba
1287 3695 1477 3790 (tenuis
1503 3717 1632 3772 arcana

371 3807 569 3924 corinnae)
597 3825 802 3924 confirmare
826 3825 999 3901 videntur.

481 3961 577 4053 Quae
602 3933 763 4053 Sapphus
789 3962 938 4035 nominis
965 3961 1062 4051 origo
1089 3982 1167 4032 cum
1192 3962 1262 4034 iam
1287 3961 1352 4034 hoc
1378 3961 1477 4035 modo
1503 3964 1631 4055 optime

382 4098 548 4191 explicari
574 4100 694 4191 possit,
720 4106 838 4172 tamen
875 4096 970 4171 aliud
996 4095 1197 4188 depromere
1233 4120 1303 4172 non
1337 4121 1631 4192 supervacaneum

489 4432 575 4498 ‘tlte
594 4432 683 4490 corin
703 4431 738 4488 fr.
759 4435 802 4489 21:
821 4429 968 4516 luyovpolv
993 4428 1161 4512 Movprldor
1187 4430 1304 4500 1181111111
1324 4434 1352 4489 el
1375 4434 1406 4490 111
1424 4434 1631 4506 epigrammate,

382 4523 497 4582 Pindari
516 4523 591 4579 ritae
611 4523 723 4594 inserto,
742 4520 918 4578 Protomacho
938 4522 966 4576 et
984 4519 1104 4577 numetis
1121 4522 1218 4590 poetae
1237 4521 1313 4578 filiae
1341 4525 1509 4608 λιγύφωνοι
1537 4527 1632 4596 appel·

383 4615 489 4686 lantur3
507 4627 532 4670 r.
553 4613 750 4669 woutermanno
782 4611 850 4668 Vitt.
879 4610 979 4680 script.
1000 4611 1041 4667 98.
1070 4611 1134 4680 Ipm
1154 4610 1269 4678 deniqne
1288 4613 1397 4683 Sappho
1422 4614 1631 4675 adhrlstodoro

383 4702 613 4773 epigrammatum
631 4704 712 4770 poeta
731 4703 898 4788 λιγύθροος
921 4701 1063 4770 appellata
1082 4701 1131 4770 ost
1151 4715 1176 4757 v.
1196 4701 1306 4759 lnthol.
1328 4703 1392 4764 ¹Pal.
1417 4704 1445 4760 Τ.
1465 4705 1486 4760 Ι.
1505 4719 1532 4776 p.
1553 4707 1586 4763 25
1606 4718 1630 4760 r.

385 4793 417 4854 69
437 4790 488 4862 (ed.
507 4793 634 4861 Ilibncr).
1299 4823 1302 4826 -
