3804 5786
888 361 1086 434 ..gg-

361 595 433 686 τῆς
460 588 687 686 συμπάσης
709 581 919 698 Τρῳάδος·
947 570 999 664 ὧν
1026 581 1074 684 dp*
1102 590 1166 664 aul
1195 585 1408 692 κιίσματά
1442 584 1542 666 εἰσιν
1568 585 1612 664 αἱ

361 715 559 803 πλεῖσται
597 726 681 799 τῶν
723 726 957 815 κατοικιῶν.
986 726 1216 818 Quamobrem
1242 727 1272 797 si
1297 725 1476 798 nobiseum
1500 725 1612 799 locum

360 869 558 956 suspectum
584 863 787 954 correxeris,
811 883 881 935 non
908 863 983 954 erit,
1012 882 1076 933 eur
1100 861 1269 951 poetriam
1295 861 1427 934 homini
1454 882 1473 933 e
1497 861 1612 935 vicina

361 998 458 1089 urbe,
484 998 631 1070 fortasse
657 996 790 1070 colonia
815 995 1116 1091 Mytilenaeorum,
1144 994 1290 1069 oriundo
1316 998 1476 1088 nupsisse
1495 1016 1610 1088 neges

458 1129 515 1202 Ad
539 1113 680 1203 nostrae
706 1131 924 1203 coniecturae
948 1128 1287 1203 verisimilitudinem
1326 1129 1522 1220 augendam
1548 1131 1613 1204 hoo

361 1284 497 1357 quoque
521 1264 682 1337 nonnihil
707 1264 821 1336 faeere
859 1261 1009 1353 videtur,
1048 1261 1140 1354 quod
1176 1263 1325 1352 vestigia
1362 1261 1531 1355 quaedam
1547 1287 1612 1339 re·

361 1405 467 1489 stant,
494 1398 663 1490 equibus
689 1398 798 1488 ipsius
823 1398 979 1488 poetriae
1004 1417 1114 1486 genus
1140 1418 1210 1470 non
1230 1395 1375 1471 eLesbo
1400 1397 1526 1490 insula,
1553 1398 1613 1471 sed

362 1533 539 1608 eTroade
564 1534 734 1624 originem
771 1529 911 1604 duxisse
948 1538 1103 1624 apparet,
1141 1532 1192 1605 ita
1219 1529 1454 1606 Columb‘anur
1493 1532 1613 1606 Abbas

213 1674 221 1696 ⁸
280 1721 283 1726 <
361 1668 581 1760 Sapphonem
624 1667 922 1757 ,Troiugenarum
959 1671 1093 1739 vatem“
1137 1665 1325 1757 appellavit
1344 1666 1389 1758 *).
1430 1665 1467 1739 Si
1506 1667 1615 1757 igitur

360 1827 481 1878 verum
506 1811 559 1878 est
584 1803 745 1896 Sapphus
782 1825 863 1876 avos
901 1802 982 1875 olim
1019 1803 1057 1876 in
1083 1803 1215 1876 Troade
1240 1801 1386 1894 degisse,
1425 1824 1515 1894 quae
1539 1805 1613 1895 opi-

361 1943 421 2016 nio
444 1911 904 2034 S'oamandronymi
931 1961 1081 2032 ‚quoque
1106 1939 1267 2032 Sapphus
1292 1939 1404 2030 patris
1429 1939 1614 2013 nominee

361 2072 507 2148 Troadis
531 2073 636 2146 fluvio
662 2072 765 2145 ducto
779 2073 836 2164 aa)
878 2072 1132 2164 comprobatur,
1171 2071 1271 2144 facile
1297 2072 1501 2165 explicatur,
1528 2095 1613 2166 quo-

362 2207 461 2281 modo
487 2206 652 2298 evenerit,
678 2212 719 2278 ut
744 2203 929 2279 Antandro
952 2203 1122 2278 oriundus
1149 2205 1252 2278 homo
1277 2206 1446 2296 poetriam
1472 2225 1613 2279 uxorem

326 2343 329 2348 ’
363 2340 513 2414 duceret.

424 2501 427 2508 ·
461 2477 558 2569 Quae
584 2481 715 2548 cuneta
736 2475 766 2546 si
794 2473 1033 2567 perpenderis
1059 2496 1129 2547 non
1155 2475 1232 2566 erit,
1268 2497 1331 2548 eur
1356 2477 1537 2550 nobiscum
1562 2484 1614 2551 to-

335 2589 337 2594 ’
362 2617 434 2682 tam
459 2609 554 2682 illam
578 2609 730 2682 fabulam
757 2608 799 2680 de
825 2608 986 2682 Oeroolae
1010 2610 1213 2703 patriaeque
1238 2612 1312 2682 eius
1338 2612 1518 2684 nominum
1546 2613 1624 2689 ori-s

362 2742 453 2834 gine,
480 2765 567 2836 quae
593 2765 613 2815 a
639 2743 889 2815 recentioribus
915 2743 1109 2833 excogitata
1133 2749 1168 2816 et
1192 2762 1251 2834 per
1279 2743 1419 2834 longam
1435 2745 1615 2819 hominum

363 2878 543 2954 doctorum
569 2881 692 2953 seriem
717 2887 909 2971 propagata
934 2887 997 2973 est,
1023 2879 1164 2954 tandem
1190 2883 1332 2954 missam
1358 2883 1472 2956 faeere
1493 2905 1616 2974 grave-

362 3014 422 3105 ria,
450 3035 530 3086 oum
556 3015 613 3087 hie
639 3036 773 3106 quoque
799 3013 941 3088 Suidam
967 3037 1037 3087 non
1063 3013 1115 3088 ‘ex
1141 3015 1282 3088 infimae
1295 3017 1420 3089 aetatis
1434 3017 1615 3111 scriptore,

363 3157 481 3238 omnia
505 3145 659 3241 undi‘que
699 3148 923 3242 corradente',
964 3150 1025 3222 sed
1051 3172 1093 3223 ex
1119 3152 1268 3241 optimae
1307 3157 1410 3224 notae
1433 3153 1535 3224 fonte
1554 3174 1617 3224 sua

365 3285 523 3357 hausisse
548 3284 612 3358 tibi
638 3282 859 3374 persuadeas

368 3508 810 3523 m

388 3666 389 3669 ¹
471 3640 495 3708 *)
511 3641 577 3697 Vide
596 3640 669 3712 apud
688 3643 711 3699 J.
731 3642 792 3700 dhr.
813 3642 943 3699 Wolfium
961 3643 980 3698 l.
1000 3645 1019 3700 l.
1039 3657 1065 3712 p.
1085 3642 1143 3698 VII:

830 3732 881 3790 Sed
901 3733 995 3788 tamen
1013 3732 1065 3789 illa

829 3822 1172 3898 Troiugennrnm¹

828 3913 930 3970 inolita
948 3913 1030 3969 Vates

828 3999 942 4055 Nomine
962 3999 1070 4071 Sappho

830 4089 959 4144 Versibus
978 4089 1041 4144 istis

828 4178 912 4233 lluloe
932 4178 1038 4233 solebat

829 4267 914 4324 hdere
934 4283 1052 4324 oarmen.

367 4383 369 4390 >
474 4357 574 4423 Quibus
594 4357 678 4412 addas
699 4357 839 4418 Wharton.
859 4359 878 4413 l.
897 4359 916 4413 l.
936 4373 962 4428 p.
983 4359 1008 4414 7:
1030 4359 1123 4415 «Some
1143 4359 1334 4414 authorities..
1354 4402 1359 4414 .
1380 4359 1451 4414 state
1471 4357 1534 4412 that
1552 4357 1619 4425 Sap-

365 4449 442 4518 pho’s
460 4447 563 4514 family
584 4447 718 4514 belonged
736 4448 764 4501 to
785 4462 821 4502 an
839 4447 1012 4503 teolian
1031 4451 1176 4517 colony
1195 4450 1234 4504 in
1252 4449 1319 4504 the
1339 4447 1491 4504 broad».

461 4536 498 4605 *Ἶ
517 4538 558 4594 hb
578 4537 671 4592 eodem
698 4537 788 4593 fluvio
817 4537 942 4594 Hectoris
961 4552 1065 4604 quoqne
1084 4539 1147 4595 filio
1165 4554 1264 4594 nomen
1282 4539 1402 4594 inditum
1421 4552 1478 4593 esse
1497 4538 1617 4592 testatur

365 4628 496 4684 Homerus
515 4628 547 4683 Il.
568 4628 610 4698 Vl,
630 4642 654 4683 v.
674 4628 735 4684 loa:
928 4630 930 4634 '

499 4718 560 4778 Τόν
583 4713 613 4804 ῥ’
629 4713 759 4801 Ἕκτωρ
783 4718 928 4780 καλέεσκε
953 4719 1078 4795 Σκαμ
1091 4719 1112 4783 oi
1126 4721 1295 4800 adprov,
1320 4715 1428 4802 adrolo
1452 4711 1481 4776 oi
1499 4713 1595 4780 ἄλλοι

499 4822 752 4907 Ἀστυάνακτ(α),
