3822 5758
729 537 733 546 .
823 461 1023 540 -19-

294 693 489 768 Pronomen
514 695 698 770 relativum
724 684 770 769 αι’
795 695 839 769 ad
868 695 989 769 Musas
1015 697 1138 770 referri
1163 694 1379 785 intellegitur
1392 717 1435 768 ex
1450 693 1551 769 Aris-

296 831 357 904 tid.
384 832 430 924 11,
460 836 542 920 508,
568 854 669 926 quem
696 831 814 922 Bergk
838 831 882 904 ad
905 832 939 904 h.
966 833 988 903 l.
1016 833 1110 906 citat:
1138 831 1191 921 ὠς
1218 827 1355 927 αὐτὴν
1385 837 1446 928 (so.
1477 825 1550 928 τήν

295 963 477 1062 Σαπφώ)
504 965 561 1040 αἱ
588 967 818 1074 Μοῦσαι
847 968 894 1059 (h.
922 969 944 1039 l.
972 967 1172 1062 Pegasides)
1201 971 1263 1072 τῷ
1287 960 1380 1042 ὄντι
1403 960 1552 1060 ὀλβίαν

296 1098 362 1174 καὶ
400 1090 583 1193 (pharao
622 1095 830 1192 ἐποίησαν.
872 1099 977 1173 Notio
1014 1108 1130 1173 autem
1158 1101 1302 1180 αιιιὶαν
1342 1124 1363 1174 a
1395 1101 1552 1176 Romano

227 1277 233 1292 =
296 1240 397 1326 poeta
440 1255 605 1326 expressa
629 1242 683 1308 est
708 1256 770 1326 per
807 1241 919 1307 totum
961 1240 1227 1325 pentametrum3
1273 1233 1379 1308 verba
1395 1200 1553 1328 ‘denique

181 1393 186 1404 ’
295 1362 402 1473 ἔργα
443 1357 498 1442 ταὶ
533 1358 618 1460 σφα
658 1359 798 1442 δαῖσαι
835 1369 1015 1461 apoetria
1040 1369 1077 1442 in
1103 1370 1304 1442 universum
1344 1369 1482 1461 prolata
1507 1371 1552 1444 ab

297 1501 422 1576 Ovidio
460 1524 539 1575 oum
580 1503 691 1592 magis
730 1503 882 1595 propriis
921 1491 1132 1576 commutata
1171 1524 1247 1576 esse
1285 1504 1344 1576 vix
1383 1504 1553 1598 estquod

297 1657 453 1709 moneam
469 1637 516 1728 *t
545 1629 658 1710 Simili
686 1636 785 1711 modo
824 1639 911 1728 frag.
941 1642 986 1710 68
1015 1639 1147 1730 poetria
1172 1638 1276 1712 diviti
1302 1638 1450 1732 auidam,
1493 1638 1554 1712 sed

297 1765 484 1872 duoriooa
508 1769 657 1844 feminae
682 1771 737 1842 his
763 1770 878 1844 verbis
904 1791 979 1844 sese
1003 1773 1156 1862 opponit:

384 1905 402 1942 ‘
727 1902 836 1980 ..ον’
865 1895 949 1998 γαρ
976 1896 1167 2002 πεδέχεις
1190 1898 1417 2008 βρόδων

439 2135 443 2144 ρ
511 2034 713 2130 αώνεκ
751 2035 1051 2147 Πιερίας..

900 2221 1084 2340 V..

397 2463 485 2538 Cum
510 2465 608 2538 brevi
648 2465 803 2537 oratione
844 2463 1016 2538 inunum
1055 2464 1230 2539 distichon
1244 2473 1444 2560 'contracta
1484 2441 1553 2561 qua

300 2595 440 2690 Sappho
466 2598 559 2690 apud
586 2597 750 2671 Ovidium
776 2597 948 2670 Venerem
974 2598 1182 2689 compellans
1207 2597 1388 2673 inducitur
1428 2601 1475 2694 (v.
1508 2605 1552 2676 57

301 2734 380 2826 sp),
408 2733 563 2806 oonferre
587 2725 684 2824 potes
709 2732 858 2824 primam
884 2729 1045 2823 Sapphus
1071 2730 1172 2805 odam
1211 2733 1314 2824 (frag.
1344 2735 1393 2827 1);
1433 2734 1555 2825 impri-

302 2867 368 2939 mis
395 2869 584 2942 novissima
608 2869 790 2961 utriusque
814 2868 881 2940 lori
906 2867 1013 2942 verba
1039 2876 1248 2960 congruunt:
1397 2885 1401 2890 ·
1442 2859 1443 2862 '

633 3073 636 3080 A
728 3004 812 3077 Vati
839 3002 1065 3096 consule,
1092 3002 1183 3096 diva,
1208 3009 1299 3076 tuae.

827 3126 885 3213 oo)
911 3128 950 3211 δ’
976 3130 1094 3228 αὐτα

512 3267 837 3369 σύμμαχος
875 3265 1015 3344 ἔσσο.

893 3499 954 3573 VI.

398 3696 578 3771 Sententia
602 3697 768 3770 feminam
792 3702 906 3770 aomte
931 3697 1002 3770 iam
1014 3695 1228 3787 provectiore
1242 3694 1362 3769 iuveni
1377 3693 1422 3768 ad
1435 3694 1557 3766 matri-

301 3832 464 3917 monium,
482 3832 598 3904 minus
623 3836 740 3922 aptam
766 3850 841 3902 esse
865 3836 900 3902 et
924 3852 957 3902 v.
976 3803 1028 3903 x85
1054 3849 1106 3920 sq.
1133 3833 1169 3901 ot
1192 3827 1281 3920 frag.
1310 3832 1355 3902 75
1378 3833 1501 3900 exstat:

449 3965 696 4060 Quidmirum
723 3966 767 4037 si
793 3964 1378 4058 meprimaelanuginis
1404 3968 1558 4036 aetas

508 4100 750 4174 Abstulit
775 4105 878 4193 atque
902 4099 1000 4192 anni,
1026 4119 1113 4192 quos
1138 4099 1194 4171 vir
1217 4119 1335 4171 amare
1360 4096 1492 4189 potest?

611 4231 678 4308 Oai
707 4223 790 4337 γάρ
816 4221 1003 4330 αλασομ’
1028 4226 1115 4344 ἔγω
1142 4229 1332 4324 ξυνοέκην

648 4457 652 4466 Ι
727 4363 804 4472 νέῳ
833 4362 1034 4464 γ’ἔσσα
1075 4361 1418 4472 γεραιτέρα.

305 4505 404 4596 Quod
429 4527 508 4579 oum
533 4511 680 4596 utroque
716 4503 790 4576 loeo
830 4501 1049 4595 concedatur,
1088 4499 1181 4593 apud
1220 4498 1386 4573 Ovidium
1419 4497 1559 4591 Sappho

305 4640 531 4715 nihilominus
568 4638 756 4712 aPhaone
783 4659 844 4710 suo
869 4637 969 4730 petit,
1002 4641 1043 4709 ut
1066 4637 1177 4729 ipsam
1214 4642 1317 4727 amet,
1357 4654 1437 4707 eum
1473 4630 1560 4705 illud

414 4903 438 4975 ·)
457 4903 524 4961 cnm
543 4904 595 4960 hoo
615 4918 642 4961 n.
660 4901 697 4958 oi.
715 4900 793 4957 inira
812 4915 838 4970 p.
858 4901 903 4959 45.
1366 4968 1413 5044 2*
