3804 5786
881 430 1100 504 -108-

722 671 923 758 Vivuntque
949 665 1124 738 commissi
1151 661 1283 734 calores

726 804 869 876 Aeoliae
894 801 1024 872 fidibus
1050 796 1192 888 puellae.

361 945 484 1035 Itaquc
511 943 574 1014 hoc
599 963 734 1033 quoque
771 941 845 1012 loco
872 937 974 1010 Lesbi
1013 933 1128 1026 puella
1153 937 1290 1004 tantum
1317 927 1407 998 idem
1433 923 1614 1015 significat

287 1071 291 1077 ’
364 1080 467 1167 atque
493 1073 665 1145 Graecum
691 1066 901 1160 Λεσβίς,
929 1075 969 1140 ut
982 1065 1122 1159 Sappho
1141 1065 1225 1136 etin
1239 1058 1499 1153 epigrammatis
1529 1055 1614 1127 etin
1698 1053 1700 1059 ’

363 1211 515 1281 nummis
541 1208 742 1298 saepissime
779 1204 952 1298 appellata
991 1209 1054 1295 est,
1093 1221 1205 1295 neque
1243 1195 1432 1290 quidquam
1451 1189 1454 1196 ’
1472 1193 1514 1265 de
1536 1213 1614 1283 poe-

365 1341 454 1413 triae
479 1339 703 1413 matrimonio
729 1336 810 1410 inde
837 1333 996 1408 concludi
1024 1339 1147 1427 potest.

950 1677 1039 1826 m.

464 1975 506 2045 V.
535 1980 553 2044 7
581 1975 619 2045 iu
645 1971 839 2046 definienda
866 1972 1029 2044 carminis
1055 1971 1196 2062 elegiaci
1223 1971 1360 2042 notione
1394 1968 1431 2040 in
1456 1966 1616 2058 plurimis

369 2107 579 2180 membranis
618 2107 723 2178 unius
761 2105 912 2200 syllabae
949 2105 1074 2176 lacuna
1099 2108 1222 2193 exstat3
1262 2103 1311 2175 ita
1329 2102 1428 2178 'euim
1459 2099 1617 2191 legimus:

677 2241 764 2330 clegi
791 2241 813 2332 †
840 2239 953 2310 debile
978 2260 1127 2311 carmen.

468 2378 563 2468 Quae
588 2377 713 2450 lacuna
737 2376 775 2447 in
801 2372 935 2448 duobus
961 2376 1061 2449 libris
1101 2375 1220 2450 addita
1251 2375 1466 2449 redundante
1503 2377 1620 2471 aliqua

370 2510 501 2603 vocula,
529 2517 692 2604 utque,
719 2533 925 2605 quoque,
951 2533 1111 2602 perverse
1125 2513 1282 2603 suppleta
1302 2518 1364 2585 est.
1379 2513 1621 2585 Recentiorum

290 2731 292 2735 ⁸
347 2649 485 2718 autem
498 2645 653 2739 plerique
667 2645 740 2719 cod.
754 2646 872 2719 Malioi
885 2648 1093 2738 scripturam
1119 2645 1242 2737 Ele-g
1256 2669 1274 2720 e
1287 2648 1333 2720 ia
1358 2653 1563 2738 receperunt
1572 2649 1619 2742 l>3

373 2801 451 2852 cum
478 2801 559 2853 vero
572 2759 714 2871 Elegiae
738 2802 804 2853 vox
829 2781 907 2854 aliis
932 2780 1017 2852 locis
1042 2779 1136 2871 apud
1161 2779 1324 2854 Ovidium
1350 2802 1420 2853 uon
1433 2780 1622 2871 elegiacum
1720 2877 1724 2881 ι

373 2934 523 3005 carmen,
552 2913 657 3006 (quod
683 2915 818 3005 elegi
843 2914 987 3007 valent),
1014 2913 1074 2986 sed
1101 2912 1216 2987 fictam
1253 2915 1427 3008 quandam
1452 2916 1623 3007 elegiacae

334 3087 338 3096 ·
373 3047 484 3137 poesis
517 3047 616 3120 deam
653 3047 834 3141 significet,
861 3048 1038 3121 Baehrens
1063 3049 1086 3121 l.
1101 3049 1122 3121 l.
1137 3052 1207 3140 p.7
1235 3050 1376 3141 vulgata
1400 3051 1461 3124 illa
1479 3052 1624 3126 lectione

374 3189 490 3272 spreta
515 3189 594 3274 post
630 3185 780 3274 primum
818 3184 960 3256 verbum
999 3193 1117 3258 sunt
1156 3186 1323 3259 excidisse
1348 3189 1542 3278 suspicatus
1574 3187 1624 3261 ita

373 3314 534 3389 lacunam
560 3316 741 3407 supplevit:

427 3421 430 3428 ¹
695 3452 782 3542 elegi
808 3457 928 3526 sunt
952 3454 1065 3526 flebile
1091 3475 1241 3526 carmen.

376 3585 470 3676 Quae
496 3587 694 3659 coniectura
720 3589 847 3679 optime
873 3610 946 3660 sese
972 3590 1087 3664 habet:
1114 3614 1195 3664 nam
1208 3592 1366 3668 additum
1379 3604 1400 3668 a
1413 3595 1624 3668 Baehrensio

374 3718 517 3793 verbum
543 3723 580 3794 in
602 3721 718 3795 codice
743 3725 928 3819 archetypo
966 3748 1028 3816 per
1054 3725 1292 3817 compendium
1316 3729 1331 3800 l
1352 3728 1489 3802 litterae
1514 3728 1625 3801 simile

376 3856 521 3929 fortasse
546 3853 714 3948 scriptum
739 3866 814 3932 erat
839 3867 1047 3953 propterque
1073 3863 1267 3951 proximam
1291 3861 1308 3932 f
1329 3863 1492 3955 litteram,
1519 3886 1625 3956 aqua

376 3990 564 4064 flebile
600 3992 805 4065 vocabulum
843 3994 1030 4086 exorditur,
1076 4018 1096 4067 a
1134 3994 1278 4067 librario
1315 3997 1475 4069 facillime
1495 4001 1626 4073 ‘omitti

377 4126 492 4218 potuit
508 4126 579 4220 *Ὗ
606 4127 713 4198 Porro
740 4135 854 4199 autem
868 4126 944 4199 ficri
956 4131 1080 4220 potuit,
1107 4137 1147 4201 ut
1166 4129 1255 4202 alius
1269 4130 1434 4228 librarius
1448 4133 1626 4226 archetypi

378 4350 713 4362 m-d—-m-
720 4353 805 4361 —o--a-

487 4495 510 4562 *)
527 4497 556 4552 V.
576 4495 654 4551 Vries
673 4497 692 4551 l.
712 4497 731 4552 l.
751 4511 796 4565 pp.
817 4499 859 4566 21,
879 4496 912 4553 39
933 4497 977 4552 vel
997 4497 1156 4565 Sedlmayer
1175 4499 1194 4553 l.
1214 4498 1233 4553 l.
1254 4497 1334 4553 adh.
1355 4513 1380 4554 v.

477 4585 514 4652 “l
530 4585 635 4641 Blaesio
654 4587 723 4640 toste
741 4589 776 4651 (v.
796 4587 819 4643 J.
838 4586 949 4642 llblleri
966 4587 1117 4642 Handbuch
1136 4586 1160 4642 d.
1180 4586 1265 4644 klass.
1285 4586 1628 4643 Altertumswissouschaft

380 4680 442 4736 ul
469 4678 526 4734 tab.
546 4677 592 4744 vl)
619 4676 697 4732 verbi
725 4677 816 4731 sunt
834 4676 901 4732 haec
921 4675 1080 4745 compendio
1099 4677 1253 4746 scripturae
1265 4677 1382 4732 exstant:
1402 4664 1416 4750 l
1434 4663 1459 4746 s,
1480 4663 1494 4752 Ῑ
1510 4665 1532 4732 ἦ.
1555 4677 1626 4742 Quae

381 4769 451 4834 conf,
473 4783 533 4832 cum
552 4768 695 4831 flitterae
715 4767 802 4823 variis
820 4766 958 4822 scribendi
977 4766 1063 4822 modis
1083 4765 1148 4820 ibid.
1168 4768 1243 4822 tabb.
1264 4767 1299 4821 IV
1319 4767 1346 4821 et
1364 4767 1393 4820 V.
