3822 5758
860 459 1027 533 ..q-

315 691 402 759 teste
429 685 528 779 (ibid.
572 709 599 760 c.
631 693 690 781 12)
731 692 905 763 suasorias
945 692 1171 784 praeferebat,
1211 696 1331 781 utpote
1372 691 1426 779 oui
1453 690 1567 762 omnis

315 823 571 910 argumentatio
597 824 741 898 molesta
765 833 864 897 esset.
907 825 963 896 Ad
995 827 1168 898 suasorias
1207 847 1288 898 vero
1330 824 1568 916 Quintilianus

315 973 607 1049 prosopopo
623 979 705 1030 eas
730 981 864 1052 quoque
889 961 1005 1052 refert,
1033 963 1131 1033 euius
1157 960 1263 1032 verba
1289 961 1426 1047 integra
1441 957 1569 1028 exseri-

315 1196 577 1318 prosopopoeae,
608 1229 646 1299 in
672 1228 798 1320 quibus
824 1227 868 1300 ad
893 1230 1066 1322 reliquum
1093 1231 1268 1300 suasoriae
1292 1228 1446 1299 laborem
1472 1246 1570 1332 aoce-

317 1358 368 1432 dit
394 1362 498 1433 etiam
524 1382 779 1452 personae
808 1362 1129 1437 difficultas.
1171 1363 1328 1455 Namque
1365 1362 1457 1435 idem
1483 1359 1569 1434 illud

316 1495 417 1568 aliter
444 1493 573 1568 Caesar
599 1497 701 1570 aliter
727 1497 848 1571 Cicero
887 1498 989 1573 aliter
1018 1497 1104 1571 Cato
1143 1496 1288 1571 suadere
1313 1497 1463 1570 debebit.
1490 1494 1570 1570 Uti·

316 1628 450 1724 lissima
474 1651 556 1702 vero
582 1632 667 1704 baec
709 1635 919 1725 exercitatio,
961 1634 1014 1706 vel
1039 1630 1130 1725 quod
1168 1632 1319 1723 duplicis
1357 1637 1411 1704 est
1443 1630 1568 1722 operis,

316 1762 369 1835 vel
394 1761 526 1854 qnod
551 1771 670 1855 poet
682 1768 725 1838 is
654 1747 950 1859 tqiroque
975 1773 1036 1839 aut
1022 1766 1134 1838 tbist
1119 1768 1289 1838 t·oriarum
1314 1766 1569 1856 futurissorip-

316 1899 450 1971 toribus
475 1899 752 1989 plurimum
779 1903 896 1974 oouf
907 1907 1007 1975 er
1017 1902 1173 1993 laque
1187 1900 1358 1974 declama
1342 1908 1423 1992 οιι
1452 1899 1569 1990 prius·
1648 1911 1649 1916 ’

316 2055 419 2124 quam
444 2034 488 2106 ad
503 2035 772 2127 componendam
799 2037 966 2110 eiusmodi
993 2039 1185 2111 orationem
1211 2037 1400 2127 accederet,
1426 2028 1568 2126 ἦθος

317 2166 351 2237 h.
379 2179 600 2241 emeres
627 2170 701 2242 eius
727 2191 828 2262 quem
854 2170 1050 2262 loquentem
1075 2149 1359 2263 faciebatpenit
1361 2189 1401 2239 us
1427 2187 1569 2256 cognos-

317 2300 417 2373 cendi
446 2308 558 2395 erant,
584 2304 694 2377 utad
722 2311 842 2378 eosto
823 2312 916 2378 otam
941 2307 1133 2378 orationem
1158 2302 1442 2377 accommodaret.
1471 2300 1569 2393 Quod

317 2436 396 2508 rhet
381 2439 570 2510 torioarum
596 2441 762 2512 exercitt
726 2440 881 2513 aitonum
906 2461 1016 2530 genus
1043 2405 1192 2513 Ovidius
1219 2461 1297 2511 oum
1324 2437 1455 2512 Sabino
1468 2443 1569 2528 poeta

317 2570 361 2641 ad
386 2573 550 2643 erotioam
576 2573 697 2662 poesin
733 2594 807 2644 sese
832 2574 1052 2646 transtulisse
1077 2574 1151 2665 ipse
1176 2578 1325 2646 testatur
1341 2572 1413 2659 lll:
1453 2575 1569 2643 noster

319 2705 493 2778 scribebat
517 2708 698 2801 epistulas,
737 2708 889 2783 Sabinus
928 2717 1044 2782 autem
1070 2730 1236 2800 responsa
1277 2709 1335 2802 (of.
1362 2708 1480 2780 Amor.
1523 2705 1569 2798 II,

321 2844 364 2912 18
391 2861 447 2912 vv.
475 2844 646 2935 21—34).
684 2843 806 2935 Itaque
831 2850 870 2915 ut
894 2843 939 2916 ad
966 2843 1126 2936 Sapphus
1152 2844 1338 2934 epistulam
1378 2841 1569 2933 redeamus,

321 2971 457 3061 Ouidio,
487 2995 566 3046 cum
605 2976 672 3046 sibi
698 2979 933 3067 proposuisset
971 2977 1154 3069 epistulam
1180 2977 1383 3049 amatoriam
1416 2975 1571 3066 poetriae

319 3105 364 3179 ad
389 3106 565 3179 Phaonem
591 3111 761 3181 amasium
789 3131 1003 3203 componere,
1030 3113 1060 3182 si
1087 3116 1179 3183 recte
1204 3130 1348 3182 munere
1382 3130 1444 3180 suo
1469 3106 1569 3196 iungi

319 3242 769 3336 voluit,adSapphus
797 3241 1571 3336 carminapenitusedisoenda

320 3379 590 3469 confugiendum
616 3387 691 3453 erat
707 3382 725 3420 ³*
731 3382 750 3420 a
756 3382 804 3472 1)·,
831 3402 918 3471 quae
943 3382 1155 3454 amicissimo
1171 3379 1239 3452 sibi
1253 3379 1292 3453 C.
1308 3379 1403 3452 lulio
1430 3378 1570 3474 Hygino

322 3616 745 3626 -......-.--.,..
1081 3605 1084 3613 ·
1367 3589 1387 3626 l·

427 3761 564 3830 >instit
585 3768 653 3822 orat.
677 3764 758 3822 1.ΙΙΙ
787 3781 810 3820 o.
831 3768 847 3822 8
875 3764 1224 3870 §la—Prosopopoean
1251 3767 1344 3820 autem
1372 3762 1570 3832 Apsinesrhe-

201 3931 204 3940 ,
321 3849 408 3906 tort
384 3866 394 3904 1
397 3853 427 3906 ta
445 3851 547 3908 definit
565 3851 702 3923 (Spengel.
721 3855 815 3910 Rhett
835 3869 878 3922 gr.
897 3854 957 3923 lp.
978 3853 1048 3925 aab:
1073 3851 1137 3918 ibri
1167 3851 1229 3936 μέν
1251 3875 1306 3918 ουν
1333 3855 1572 3959 προσωποποιια

320 3939 534 4025 παραγόμενον
560 3943 726 4027 πρόσωπον
751 3941 801 4005 ro*
825 3943 874 4008 ου’
885 3967 904 4006 κ
928 3940 970 4020 εἰς
993 3945 1032 4006 ro*
1055 3944 1259 4027 δικαστήριον
1283 3937 1446 4024 παρόν,
1470 3940 1571 4006 α’πο-

320 4051 373 4130 3η
383 4055 467 4132 μῶυ
490 4051 582 4114 κτλ
610 4047 649 4105 Of.
668 4049 832 4106 Volkmann
854 4050 902 4105 llie
922 4049 1056 4106 Rhetorilr
1076 4051 1126 4106 der
1146 4051 1196 4106 (iri
1188 4049 1328 4106 eobano.
1350 4049 1451 4175 liberer
1471 4048 1524 4118 (ed.
1546 4053 1572 4112 2]

428 4243 512 4308 Ἣ
531 4248 594 4304 Art.
571 4251 665 4306 t.am
683 4249 704 4306 l.
723 4250 810 4306 IIlv.
832 4250 883 4308 346
904 4249 969 4305 ooll.
990 4249 1098 4305 reoffel.
1120 4249 1140 4304 l.
1161 4250 1179 4304 l.
1200 4264 1227 4317 p.
1249 4250 1300 4306 527
1320 4263 1383 4304 ann.
1405 4249 1429 4307 3

410 4334 462 4403 **)
481 4336 574 4393 Simili
593 4340 672 4395 modo
692 4340 859 4409 posteriores
878 4340 1030 4409 Byzantini
1050 4339 1256 4395 versificatores
1276 4338 1449 4396 erotioorum
1467 4336 1572 4393 earmi-

321 4443 387 4484 num
407 4429 555 4485 materiam
575 4443 607 4484 ex
627 4431 837 4497 antiquioribus
857 4431 946 4499 poetis
965 4432 1183 4499 mutuabantur;
1213 4430 1249 4485 of.
1270 4429 1299 4485 in
1325 4427 1440 4497 Bergkii
1460 4427 1572 4497 Appen·

322 4517 383 4574 dioe
402 4518 567 4574 Anaoreont.
589 4534 615 4586 p.
635 4521 698 4576 351:
730 4518 967 4584 Κωνιιαντίνου
992 4518 1122 4604 ᾥδάριιυ
1155 4515 1304 4598 ἐρωτικόν
1343 4518 1573 4604 λαβόντος

322 4608 405 4688 τήν
430 4609 667 4674 ὑπόθεσιν
690 4605 733 4670 r'n
758 4610 987 4692 μελῳδίας
1010 4612 1153 4686 τινός(
1174 4610 1273 4664 lotum
1293 4612 1385 4664 autom
1405 4609 1463 4664 eius
1483 4607 1573 4677 poesis

322 4711 408 4764 genus
427 4700 461 4753 of.
484 4714 547 4753 oum
567 4699 679 4754 loannis
699 4700 797 4754 daubei
809 4699 995 4754 contiuncula
1005 4714 1074 4766 quae
1086 4700 1265 4755 inscribitur:
1281 4703 1309 4763 Τ
1321 4700 1333 4760 t
1347 4725 1362 4759 v
1374 4723 1394 4762 α
1407 4722 1421 4774 ς
1442 4697 1520 4761 el'rr
1533 4719 1573 4764 οι

323 4791 493 4880 λόγους
515 4789 536 4874 q‘
566 4788 739 4878 Ἀφροδίτη
763 4793 898 4874 ζητοῦσα
922 4789 976 4852 ro'v
993 4787 1138 4868 ”Adaiou
1163 4787 1231 4843 ibid·
1251 4803 1275 4856 l·
1299 4788 1358 4852 347·
