3822 5758
375 857 423 931 Et
448 857 541 949 apud
568 856 732 931 Ovidium
757 881 789 929 v.
821 860 889 931 155
917 878 965 949 sq.
1008 863 1043 928 et
1066 856 1154 945 frag.
1184 860 1228 930 52
1255 859 1389 946 poetria
1421 859 1530 933 amati
1616 889 1621 898 ·

277 991 448 1066 desiderio
474 992 629 1066 confecta
668 1012 827 1064 somnum
866 1011 988 1081 capere
1014 989 1134 1081 nequit
1167 996 1201 1062 et
1226 988 1380 1063 desolata
1406 989 1467 1064 diu
1492 992 1529 1066 in

277 1135 412 1201 noctem
439 1149 537 1201 suam
561 1127 736 1200 fortunam
763 1124 930 1215 deplorat:

572 1259 713 1351 Sappho
739 1257 987 1360 desertos
1014 1264 1133 1330 cantat
1158 1278 1356 1330 amores

423 1397 613 1487 Hactenus,
639 1402 680 1468 ut
705 1391 1010 1484 mediacetera
1035 1399 1184 1465 nocte
1209 1391 1315 1464 silent
1331 1391 1378 1486 *).

869 1525 1094 1624 ..μέσαι
1133 1518 1189 1600 di

490 1659 706 1760 suuper,
734 1656 853 1765 55ρᾶ
880 1653 918 1736 d'
943 1659 1115 1764 ἔρχεται
1146 1658 1246 1767 ὥρα,

490 1796 577 1906 ἔγω
603 1789 645 1873 δὲ
675 1796 821 1889 μόνα
848 1787 1218 1889 mercedest).

849 2066 943 2140 xlv.

370 2301 517 2392 Propter
543 2300 686 2374 eandem
713 2321 853 2373 causam
882 2301 1014 2390 poetria
1039 2323 1071 2372 v.
1102 2303 1170 2372 195
1198 2319 1270 2392 sqq.
1313 2298 1526 2374 lamentatur

273 2459 310 2508 se
337 2457 450 2529 neque
475 2438 631 2508 carmina
656 2455 808 2526 pangere
833 2455 946 2527 neque
958 2434 1107 2525 psallere
1119 2455 1231 2525 posse,
1258 2432 1293 2505 id
1307 2432 1525 2526 quodposte-

250 2571 363 2652 ,riore
388 2570 460 2644 loeo
486 2571 636 2660 positum
664 2576 726 2660 est,
754 2567 900 2641 Ovidius
926 2592 958 2640 v.
989 2573 1057 2641 198
1085 2569 1140 2640 his
1166 2569 1281 2640 verbis
1308 2568 1487 2658 expressit:

333 2702 542 2776 Plectra
568 2702 683 2776 dolore
708 2701 990 2793 tacent***),
1017 2678 1153 2773 muta
1181 2699 1297 2773 dolore
1322 2700 1437 2795 lyra
1461 2708 1523 2774 est.

377 3032 400 3099 ⁸)
417 3032 478 3089 Birt
496 3035 516 3090 l.
535 3035 554 3090 l.
573 3048 600 3103 p.
619 3033 669 3090 431
700 3033 819 3087 Romano
848 3032 944 3100 poetae
973 3030 1079 3087 Gallim.
1100 3031 1172 3099 frag.
1195 3034 1245 3090 1511
1271 3032 1446 3088 obversatum
1466 3047 1523 3090 5555

270 3124 380 3196 5151511;
398 3120 469 3190 quod
487 3125 621 3189 quantum
640 3122 789 3178 abhorreat
808 3137 824 3176 a
842 3121 948 3192 latinis,
968 3121 1027 3191 ipse
1046 3120 1148 3177 videas:

448 3211 602 3280 Πολλᾰκι
626 3210 678 3276 καὶ
702 3214 821 3276 κανθῶν
847 3209 940 3294 ἤλασ’
963 3209 1062 3295 ἄωρον
1085 3208 1161 3275 ἄπο.

269 3321 395 3378 Ceterum
414 3320 474 3376 Birt
501 3320 568 3376 ibid.
596 3321 801 3388 pentametrum
828 3333 973 3389 perperam
992 3319 1204 3388 interpretetur:
1235 3320 1305 3376 «hue
1328 3319 1412 3387 usduc
1433 3321 1524 3376 cetera

269 3408 1524 3480 51155155551515111555151151555515515555511555151555111155·

269 3499 316 3554 tur
335 3500 416 3566 utque
435 3513 554 3566 usque
574 3498 665 3570 dum,
685 3499 812 3569 donec,
832 3499 864 3553 ut
882 3497 938 3552 iam
957 3497 1092 3552 Domitius
1111 3497 1274 3554 tloldorinus
1289 3497 1370 3570 vidit3
1389 3497 1425 3555 ef.
1436 3498 1522 3555 Vries.

270 3589 288 3643 l.
308 3589 327 3644 l.
346 3596 374 3656 p.
395 3589 430 3644 94
448 3588 528 3657 med,
546 3588 595 3655 qni
614 3603 676 3642 oum
695 3587 783 3642 Birtio
802 3587 880 3641 feeit.

363 3676 400 3744 **)
416 3677 492 3733 Koclr
510 3681 529 3735 1.
548 3680 567 3734 l.
586 3693 613 3746 p.
634 3679 676 3749 34,
696 3677 740 3731 551
759 3676 828 3732 1555
847 3678 931 3732 verba
950 3677 1125 3746 Sapphonem
1144 3677 1234 3732 minus
1262 3678 1357 3733 decere
1377 3679 1437 3734 visa
1456 3679 1521 3750 sint,

269 3768 403 3837 poetriam
422 3782 477 3822 non
496 3768 527 3824 de
547 3783 575 3822 55
594 3769 664 3838 ipsa,
684 3766 730 3821 sod
749 3765 781 3820 de
802 3767 859 3822 5115
878 3765 996 3832 quadam
1016 3765 1117 3821 misera
1144 3768 1240 3836 puella
1269 3781 1301 3822 55
1320 3768 1405 3823 verba
1429 3768 1520 3823 facero

268 3856 358 3925 putat,
386 3868 455 3920 quae
483 3855 512 3909 in
540 3857 676 3910 nocturna
703 3855 851 3912 solitudine
881 3855 967 3911 amati
995 3855 1130 3911 desiderio
1146 3859 1254 3912 frustra
1282 3860 1420 3929 enecatum
1439 3870 1521 3924 quam

269 3945 479 4016 explicationem
497 3946 599 4001 falsam
618 3959 675 4000 esse
695 3945 751 4000 iam
770 3960 802 4000 on
822 3944 912 4001 Ovidii
931 3945 1087 4002 imitatione
1108 3945 1247 4017 discimus,
1267 3948 1377 4018 collato,
1396 3947 1467 4014 quod
1487 3947 1521 4004 ed

267 4049 326 4090 rem
345 4034 456 4105 attinet,
476 4034 602 4104 Sapphus
620 4035 694 4105 frag.
717 4035 774 4092 130.

283 4122 286 4127 ’
347 4123 398 4191 ***)
416 4124 481 4196 Cum
500 4123 618 4180 absurde
637 4124 742 4180 dietum
761 4139 818 4180 esse
838 4124 974 4181 videatur:
993 4127 1102 4194 plectra
1120 4126 1434 4196 tacent-plectrum
1447 4126 1521 4182 enim

267 4215 356 4284 ipsum
375 4214 486 4294 minime
505 4229 600 4269 sonum
619 4214 740 4283 reddere,
761 4215 807 4270 sed
817 4216 926 4270 1551551
945 4216 1053 4271 efficere
1073 4218 1179 4271 nonest
1191 4217 1263 4283 quod
1282 4217 1521 4272 moneam-Vries

267 4308 286 4362 l.
305 4307 324 4362 1.
343 4321 369 4374 p.
391 4308 440 4362 1118
470 4304 617 4360 secundum
637 4305 701 4362 edit.
721 4307 784 4362 Ven.
804 4306 1153 4374 (5.15581115155551515
1182 4321 1238 4362 5555
1267 4307 1382 4365 censuit:
1411 4307 1520 4364 Plectra

268 4394 359 4451 doloro
379 4395 522 4450 iacent.
543 4394 614 4460 Quae
633 4396 750 4450 mutatio
770 4409 934 4462 quamquem
953 4398 1100 4465 propterea
1119 4411 1201 4463 quam
1220 4398 1336 4452 maximo
1351 4398 1521 4453 commenda-

267 4485 322 4554 tur,
340 4483 411 4551 qood
430 4484 564 4540 traditam
584 4484 750 4555 scripturam
769 4484 909 4540 levissime
930 4485 1055 4556 corrigit,
1082 4487 1176 4540 tamen
1195 4486 1333 4542 reicienda
1352 4487 1400 4543 est.
1426 4485 1519 4542 Ouidio

267 4572 349 4644 enim,
368 4588 428 4628 cum
447 4574 474 4630 lr.
495 4588 519 4630 v.
549 4574 662 4630 eandem
689 4572 856 4629 sententiam
884 4573 1022 4628 rhetorice
1049 4576 1175 4644 repetere
1195 4577 1289 4645 vellet,
1318 4575 1390 4630 idem
1409 4574 1519 4630 5551511ι

265 4659 336 4729 quod
355 4662 454 4719 Suidae
471 4667 502 4730 (5.
514 4678 539 4721 v.
560 4665 698 4746 Σαπφ5115
717 4665 752 4718 ab
762 4666 877 4730 utroque
888 4663 961 4718 enirn
972 4666 1108 4720 voeabula
1127 4666 1293 4747 πλῆκτρον
1313 4663 1341 4720 51
1359 4661 1520 4746 πηκτὶς

266 4751 379 4808 confusa
412 4767 467 4808 esse
495 4751 632 4809 videntur.
670 4755 707 4810 Do
726 4753 834 4823 pectide
863 4753 1009 4810 55155551.
1030 4755 1128 4814 Athen.
1158 4769 1184 4824 p.
1208 4756 1258 4815 635
1288 4751 1395 4812 Β5511.
1416 4754 1517 4827 Supph.

265 4839 416 4912 1155112.
