3822 5758
851 453 1025 526 ..g-

311 703 390 755 raro
405 688 541 756 tanturn
555 683 645 756 inire
657 683 750 772 licet,
776 683 942 756 audacius
958 690 1074 758 autem
1089 686 1288 777 procedenti
1316 689 1444 781 evenit,
1470 695 1511 761 ut
1525 690 1563 762 in

310 816 423 888 locum
448 823 602 889 veterum
630 839 785 888 errorum
813 837 876 888 sua
902 819 1013 908 ipsius
1040 818 1133 890 haud
1149 821 1444 911 minusambigua
1471 843 1563 896 com-

312 958 428 1024 menta
452 954 624 1026 restituat.

397 1087 506 1159 ¹Inter
532 1094 661 1160 ceteras
688 1088 875 1180 lyricorum
900 1087 1174 1176 fragmentorum
1201 1088 1298 1161 sedes
1324 1090 1455 1162 latinae
1479 1112 1564 1183 quo·

311 1243 376 1314 que
401 1223 537 1295 litterae
564 1222 658 1294 haud
683 1245 796 1314 pauca
810 1223 939 1294 auxilia
952 1222 996 1294 ad
1014 1223 1278 1296 restaurandam
1305 1226 1411 1296 huius
1424 1227 1564 1316 generis
1589 1257 1592 1263 ·

312 1355 522 1431 Graecorum
548 1360 661 1448 poesis
688 1359 874 1448 genuinam
910 1359 1055 1429 formam
1083 1358 1306 1450 suppeditare
1332 1359 1456 1452 solent,
1485 1381 1563 1433 curn

310 1492 409 1563 latini
436 1494 622 1583 scriptores
649 1493 755 1563 variis
781 1493 1020 1564 occasionibus
1036 1494 1160 1566 oblatis
1175 1493 1386 1567 Graecorum
1408 1496 1563 1567 carmina

311 1630 544 1702 converterint
567 1629 620 1700 vel
652 1627 819 1701 imitando
845 1632 1090 1718 expresserint.
1134 1630 1243 1721 Quem
1268 1631 1398 1702 fontem
1424 1631 1559 1720 gravis-
1648 1687 1651 1692 .

311 1762 390 1832 simi
416 1763 580 1834 momenti
607 1781 684 1833 esse
703 1761 847 1851 Bergkii
874 1761 998 1833 Poetae
1023 1761 1123 1855 lyrici
1151 1760 1274 1834 Graeci
1314 1763 1443 1851 passim
1477 1765 1563 1835 satis

311 1918 481 1989 superque
507 1904 691 1990 testantur,
721 1899 775 1969 cui
790 1887 824 1970 et
837 1901 874 1970 in
890 1876 1103 1986 corrigendis
1119 1904 1153 1970 et
1166 1899 1203 1969 in
1218 1897 1468 1987 coniungendis
1480 1898 1563 1992 lyri-

313 2052 430 2103 corum
445 2031 573 2104 ,uerbis
599 2031 643 2102 ad
669 2032 794 2105 latinos
822 2033 979 2103 homines
1000 2032 1185 2121 refugienti
1199 2053 1269 2104 non
1283 2031 1387 2102 semel
1405 2032 1563 2123 contigit,

310 2172 350 2236 ut
364 2185 498 2239 summa
524 2188 604 2238 curn
629 2169 703 2239 veri
721 2165 949 2239 similitudine
974 2166 1066 2239 locos
1093 2165 1250 2237 difficiles
1284 2164 1499 2255 expediverit
1514 2165 1561 2258 *h

312 2305 386 2394 Quo
412 2306 522 2392 magis
550 2303 746 2376 mirandum
788 2311 839 2376 est
879 2304 1033 2376 homines
1071 2303 1243 2376 litteratos
1284 2304 1462 2395 hucusque
1493 2302 1564 2376 fere

311 2442 478 2513 intactam
504 2439 683 2530 reliquisse
698 2437 861 2530 Sapphus
878 2438 921 2510 ad
937 2438 1113 2537 Phaonem
1141 2437 1324 2528 epistulam
1340 2439 1431 2509 inter
1446 2434 1563 2509 Ovidii
1601 2410 1603 2414 Ι

311 2567 479 2644 Heroides
506 2573 678 2644 decimum
691 2573 852 2663 quintum
866 2572 979 2643 locum
996 2572 1219 2661 obtinentem,
1248 2593 1335 2663 quae
1348 2593 1389 2642 ex
1405 2569 1564 2643 CCXXII

311 2707 470 2780 versibus
497 2714 658 2780 constans
673 2707 734 2799 ss)
763 2707 888 2777 miram
915 2695 1090 2798 quandam
1116 2727 1279 2776 versuum
1310 2705 1564 2790 sententiarum

311 2843 526 2932 singularum
553 2863 675 2914 vocum
702 2842 913 2932 farraginem
953 2841 1068 2932 habet,
1109 2862 1196 2932 quae
1222 2840 1353 2912 latinus
1395 2846 1495 2931 poeta
1520 2861 1563 2911 ex

309 2974 492 3069 Sapphicis
519 2976 730 3048 carminibus
757 2982 935 3071 mutuatus
961 2981 1021 3046 aut
1035 2976 1174 3064 integra
1199 2981 1260 3046 aut
1275 2979 1381 3064 prout
1405 2975 1437 3045 ei
1463 2973 1564 3047 vide-

309 3111 413 3184 batur
439 3110 618 3182 decurtata
642 3117 745 3202 atque
771 3110 895 3182 mutila
921 3112 957 3180 in
984 3128 1085 3179 usum
1113 3129 1214 3179 suum
1240 3108 1422 3181 convertit.
1452 3107 1564 3199 Quam

235 3345 238 3352 Ι
309 3269 382 3320 rem
407 3249 539 3338 priores
566 3243 726 3336 Sapphus
753 3246 1026 3334 fragmentorum
1041 3250 1258 3315 enarratores
1273 3243 1404 3332 fugisse
1418 3263 1488 3314 non
1511 3247 1563 3314 est

311 3407 373 3456 cur
399 3385 575 3474 miremur3
602 3381 770 3474 quomodo
796 3401 877 3453 vero
903 3379 1048 3469 Bergkii
1075 3377 1303 3470 diligentiam,
1332 3377 1467 3450 duobus
1487 3382 1566 3449 tan·

309 3527 383 3591 tum
408 3519 492 3590 locis
517 3517 611 3589 illius
638 3515 804 3607 epistulae
831 3535 950 3587 versus
978 3534 1056 3587 cum
1071 3511 1234 3604 Sapphus
1260 3512 1423 3602 genuinis
1448 3513 1564 3585 verbis

189 3687 196 3701 ·
310 3655 542 3744 comparantis
576 3653 684 3725 latere
722 3651 884 3743 potuerit,
918 3652 982 3723 vviu
1021 3650 1176 3739 intellegi
1215 3656 1336 3741 potest.
1378 3651 1420 3721 In
1453 3650 1563 3740 ipsius

226 3828 228 3830 ·
310 3807 442 3878 quoque
483 3784 644 3857 Heroidis
684 3785 939 3856 commentariis
978 3806 998 3856 a
1039 3783 1133 3855 nullo
1173 3784 1324 3873 poetriae
1370 3782 1564 3854 carminum

294 3923 476 4015 reliquiae
500 3923 549 3993 ita
575 3927 615 3992 ut
640 3943 705 4013 par
745 3927 820 3993 erat
858 3918 1081 4011 comparandi
1108 3939 1213 3992 causa
1251 3919 1375 3992 allatae
1400 3923 1495 4012 sunt,
1522 3939 1565 3990 ne

310 4058 493 4131 oVriesio
519 4057 657 4150 quidem
695 4059 839 4149 Batavo,
877 4057 936 4148 qui
976 4078 1051 4128 eam
1091 4055 1274 4147 epistulam
1317 4054 1563 4128 commentario

312 4247 743 4268 Μ-

382 4367 404 4434 *)
423 4366 755 4424 Sauecstconcedendum
773 4366 823 4420 hoc
843 4365 1047 4422 adminiculum
1066 4366 1096 4420 in
1116 4365 1274 4433 lyricorum
1285 4367 1454 4422 Graecorum
1471 4364 1564 4421 vorbis

311 4457 505 4515 restaurandis
531 4472 586 4511 non
614 4471 721 4526 sempor
749 4455 878 4512 adhiberi
901 4471 988 4528 posse,
1011 4471 1074 4512 cum
1098 4456 1184 4512 latini
1203 4455 1329 4511 homines
1350 4456 1492 4512 interdum
1511 4470 1565 4511 non

191 4591 203 4596 -
231 4567 233 4570 ·
312 4549 428 4603 verbum
448 4563 461 4602 a
481 4547 566 4602 uerbo
587 4545 784 4615 expresserint,
805 4547 851 4602 sed
870 4545 973 4603 leuiter
992 4550 1106 4602 tantum
1127 4546 1298 4602 Graecorum
1319 4549 1440 4602 mentem
1460 4545 1565 4612 attige-

312 4636 379 4700 rint,
399 4635 471 4690 alias
490 4635 547 4703 ipsi
557 4635 691 4690 eiusmodi
709 4649 806 4691 vorsus
824 4637 986 4705 panrerint,
1007 4638 1080 4693 alias
1099 4637 1204 4692 liraeoa
1224 4640 1310 4693 verba
1330 4650 1432 4705 parum
1452 4633 1565 4690 intelle-

224 4749 226 4752 ·
312 4724 405 4782 serint
424 4725 468 4781 vel
487 4740 617 4794 pervorse
636 4727 898 4811 ipterprotutisint.
920 4727 1113 4804 Quaecuncta
1125 4727 1315 4788 consideranti
1335 4727 1364 4782 in
1381 4727 1434 4787 hac
1452 4724 1566 4787 lubrico

311 4815 357 4886 via
376 4816 468 4873 cautio
487 4816 644 4874 adhibenda
666 4819 707 4874 est
726 4832 810 4883 quam
830 4817 1063 4886 diligentissima.

382 4906 419 4977 *Ἴ
437 4909 475 4966 dl.
493 4909 571 4966 inira
590 4925 635 4988 pp.
659 4909 806 4972 tol-los.
