3804 5786
815 384 1036 468 -too-

212 671 214 676 ·
300 624 499 718 compendio
525 645 708 715 perperam
729 623 902 696 intellecto
928 645 993 714 pro
1018 591 1072 695 su
1086 629 1138 696 nt
1162 623 1357 714 reposuerit
1382 645 1473 716 que
1497 617 1551 696 vel

298 781 503 855 quoque,
531 767 571 831 ut
594 757 721 849 legitur
759 758 797 831 in
836 755 939 830 codd·
973 755 1230 846 Hamburgensi
1259 757 1310 849 (b)
1339 762 1374 828 et
1399 758 1551 831 Franco-

290 895 439 968 wfurtano
455 895 497 986 (f)
510 894 556 987 l).
583 892 707 964 Totum
733 899 847 964 autem
862 891 927 962 boc
941 890 1038 963 colon
1064 889 1230 962 describit
1255 889 1425 980 elegiacae
1438 891 1551 981 poesis

298 1029 379 1121 vim,
403 1050 472 1101 non
486 1029 721 1120 antiquiorum
747 1024 886 1117 quidem
905 1024 1125 1114 Graecorum,
1151 1022 1210 1096 sed
1224 1023 1550 1116 Alexandrinorum,

295 1148 444 1252 'quorum
472 1158 625 1233 definitio
653 1181 730 1232 cum
756 1158 920 1232 hocloco
946 1164 1027 1249 apte
1052 1159 1201 1231 conferri
1226 1164 1340 1249 potest
1356 1160 1428 1251 ll).

298 1318 302 1330 ’
396 1295 601 1368 Baehrensii
628 1293 884 1385 simplicissima
911 1293 1077 1364 comestio
1103 1313 1176 1364 non
1202 1292 1372 1365 satisfecit
1396 1291 1545 1384 Vriesio,

298 1431 358 1523 qui
384 1429 406 1500 l.
433 1430 456 1502 l.
483 1451 517 1522 p.
545 1399 591 1500 40
620 1428 796 1518 elegos
822 1429 891 1499 iam
917 1428 1090 1518 inpriore
1117 1425 1189 1499 colo
1215 1427 1289 1499 eius
1315 1448 1435 1498 versus
1462 1424 1551 1499 desi·
1600 1444 1602 1448 ’

298 1541 421 1635 derans
448 1562 513 1634 boc
538 1559 638 1634 modo
663 1582 800 1632 versum
828 1561 955 1650 corrigi
982 1557 1088 1632 iubet:

397 1686 548 1759 Flendus
574 1701 670 1759 amor
695 1707 791 1768 meus
818 1692 871 1758 est
897 1686 1075 1775 elegis:
1104 1686 1192 1758 boc
1217 1685 1333 1758 llebile
1359 1707 1508 1759 carmen.
1562 1697 1563 1700 ’

298 1824 403 1896 Putat
428 1825 520 1896 enim
546 1822 622 1894 illos
662 1823 775 1911 elegos
813 1823 923 1913 priori
962 1821 1038 1894 colo
1075 1819 1251 1896 addendos
1277 1843 1362 1915 esse,
1389 1825 1550 1915 quoniam

297 1979 360 2049 per
385 1977 423 2028 se
448 1954 669 2045 intellegatur
707 1956 861 2062 poetriae
887 1977 988 2028 suum
1014 1975 1163 2027 amorem
1190 1954 1438 2047 deplorandum
1464 1978 1549 2048 esse;
1646 2006 1650 2014 ·

298 2093 417 2184 quaeri
442 2101 567 2184 autem,
606 2115 673 2185 quo
711 2091 810 2164 modo
848 2090 883 2162 id
907 2091 986 2163 fieri
1013 2090 1146 2182 debeat,
1186 2091 1220 2162 h.
1248 2114 1276 2163 e.
1321 2090 1411 2184 quod
1437 2093 1550 2184 poesis

297 2228 408 2318 genus
434 2223 478 2297 ad
502 2246 577 2296 eam
589 2247 662 2296 rem
688 2222 922 2297 adhibendum
948 2224 1004 2295 sit.
1027 2223 1125 2314 Quod
1150 2229 1266 2296 tamen
1291 2224 1406 2297 minus
1432 2247 1551 2298 verum

299 2365 361 2434 est:
387 2360 503 2450 priore
529 2359 619 2430 enim
645 2358 719 2430 loeo
745 2329 879 2431 summa
917 2358 970 2428 vis
1003 2358 1115 2448 posita
1140 2363 1193 2430 est
1230 2359 1268 2430 in
1288 2359 1418 2450 'primo
1444 2358 1550 2432 verbo

297 2493 334 2566 il
349 2516 368 2566 e
381 2516 405 2565 n
420 2487 521 2580 dus3
560 2493 703 2565 minime
741 2499 856 2564 autem
896 2488 1057 2563 contendi
1095 2497 1209 2582 potest
1233 2515 1295 2583 per
1321 2513 1358 2564 se
1383 2515 1551 2586 quemque

299 2627 497 2717 intellegere
523 2625 701 2717 Sapphoni
728 2648 878 2698 amorem
892 2623 1089 2700 deflendum
1115 2647 1200 2715 esse3
1227 2626 1401 2718 bocpatet
1426 2650 1467 2700 ex
1493 2631 1548 2720 iis,

298 2779 386 2850 quae
411 2757 502 2830 infra
527 2763 729 2850 sequuntur,
757 2774 827 2828 non
865 2777 946 2828 vero
972 2757 1040 2828 iam
1067 2757 1237 2829 ex'initio
1262 2757 1437 2848 epistulae.
1465 2757 1550 2832 Tota
1633 2795 1637 2803 Δ

297 2897 413 2964 autem
451 2891 622 2963 sententia
659 2890 725 2962 boc
762 2888 862 2973 modo
900 2887 1065 2981 procedit:
1099 2889 1287 2979 Quaerenti
1314 2889 1460 2983 Phaoni,
1488 2914 1550 2964 cur

298 3023 443 3126 Sappho
465 3045 535 3096 non
560 3024 681 3117 lyrico,
711 3024 791 3115 (quo
817 3022 977 3115 solebat),
1004 3020 1062 3094 sed
1088 3020 1240 3112 elegiaco
1265 3029 1380 3096 metro
1405 3025 1444 3096 in
1470 3047 1550 3098 con-

298 3155 411 3230 dendo
436 3158 589 3228 carmine
626 3161 756 3247 utatur,
795 3156 939 3246 poetria
967 3152 1154 3246 respondet
1191 3153 1258 3226 sibi
1296 3161 1370 3228 tum
1395 3149 1550 3230 llendum

297 3313 381 3384 esse,
406 3296 616 3385 quapropter
641 3311 678 3362 se
701 3288 867 3362 adbibere
903 3287 1103 3382 elegiacum,
1130 3287 1221 3382 quod
1244 3289 1361 3363 flendo
1387 3294 1550 3366 conveni-

297 3432 344 3520 at,
370 3449 441 3501 non
453 3434 569 3501 autem
582 3423 743 3499 melicum
762 3425 992 3518 metruml**)
1034 3425 1166 3517 Quibus
1180 3426 1230 3499 ita
1243 3426 1422 3518 explicatis
1436 3428 1547 3500 Baeb-

296 3563 494 3636 rensianam
520 3563 750 3636 coniecturam
776 3559 980 3635 Vricsianae
1004 3545 1284 3653 praeponendam
1316 3585 1390 3638 esse
1415 3587 1546 3640 censeo.

298 3981 724 3996 Ἣ-

403 4147 426 4216 *)
443 4147 561 4205 Voculae
580 4162 650 4214 que
670 4145 831 4203 scribendae
851 4144 1013 4219 compendio
1033 4161 1058 4205 v.
1078 4147 1151 4220 opud
1170 4147 1256 4208 Blass.
1276 4151 1295 4209 l.
1315 4151 1334 4209 1.
1354 4151 1411 4210 tab.
1431 4153 1474 4212 VI.
1598 4184 1600 4188 ·

311 4307 314 4314 ,
390 4239 427 4307 ”t
445 4240 485 4298 cf.
504 4239 595 4297 Procli
615 4239 760 4296 chrestom.
787 4239 828 4306 (in
845 4239 996 4310 Westpbal.
1026 4240 1138 4310 Scriptt.
1158 4242 1242 4298 metrt
1257 4243 1270 4298 l
1288 4258 1315 4313 p.
1335 4246 1396 4302 242:
1414 4244 1464 4308 τό
1487 4243 1546 4330 γάρ

296 4333 469 4413 θρῆνος
492 4330 651 4412 ἔλεγον
672 4323 1156 4396 indtovvotnatacot..-Suid.
1177 4345 1197 4387 Β.
1218 4345 1244 4387 V·
1264 4331 1548 4414 dispectioni-

297 4419 542 4497 v0g‚-llustatb.
562 4421 596 4476 Il.
618 4419 695 4476 1372:
714 4416 862 4501 l'lcyoc
887 4415 904 4483 ὅ
926 4414 991 4482 ion
1013 4423 1068 4506 θρ
1084 4426 1191 4503 quoa.
1222 4422 1251 4478 V·
1271 4421 1363 4480 Flach.
1384 4423 1545 4480 (ieschithte

296 4509 321 4567 d.
340 4508 443 4578 griecb
462 4509 552 4577 brrilr
569 4523 596 4578 p.
618 4509 667 4564 175
687 4521 725 4574 so.

349 4597 401 4666 m)
417 4598 558 4654 llbwoldl.
569 4599 588 4653 l.
599 4612 624 4667 p.
637 4598 688 4655 219
699 4597 816 4654 etined.
828 4599 929 4654 deuon.
940 4614 1001 4654 cum
1012 4600 1076 4657 aliis
1096 4603 1203 4670 elegi
1223 4603 1305 4658 verbo
1314 4603 1486 4672 producendo
1495 4605 1546 4678 ita,

296 4690 327 4743 ut
345 4702 395 4758 pro
413 4686 537 4758 perfecto
555 4687 676 4756 tempore
696 4687 775 4744 verbi
803 4687 923 4756 eligendi
951 4688 1142 4759 accipiendum
1160 4691 1206 4762 sit,
1234 4693 1363 4748 lacunam
1383 4695 1546 4764 explendam

168 4793 177 4810 ·
296 4791 352 4833 esse
372 4776 553 4868 pertinaciter
572 4777 721 4833 contendit:
741 4779 864 4832 attamen
883 4779 910 4832 et
929 4777 1019 4848 ipsum
1047 4782 1160 4836 verbum
1188 4780 1242 4837 illa
1259 4783 1421 4839 Procrusten
1436 4784 1546 4844 medela
