3804 5786
895 456 949 473 ,..
977 413 1100 488 pp...

373 655 426 721 est
451 645 660 738 negandum.
689 643 770 717 Huc
795 646 967 737 imprimis
994 643 1061 717 duo
1089 643 1217 718 Suidae
1240 646 1308 720 loci
1335 647 1510 721 referendi
1533 655 1625 737 sunt,

374 782 543 874 equibus
570 781 613 854 ab
640 782 865 872 antiquorum
905 779 1113 872 quibusdam
1154 802 1225 853 non
1252 802 1357 854 unam
1391 782 1627 875 Sapphonem,

374 915 434 988 sed
460 914 547 988 duas
572 917 679 987 fuisso
718 916 905 989 memoriae
943 914 1123 1006 proditum
1162 937 1238 988 esse
1258 915 1442 989 discimus.
1472 920 1628 1009 Quorum

373 1050 528 1123 locorum
567 1049 694 1141 priore,
735 1055 853 1121 assuto
896 1050 939 1119 iis
966 1071 1055 1141 quoe
1094 1050 1218 1122 Suidos
1257 1072 1284 1122 s.
1320 1074 1354 1124 v.
1393 1043 1561 1148 Σαπφώ
1587 1053 1630 1125 de

374 1188 509 1279 poetria
535 1187 704 1277 narravit,
733 1186 818 1272 haec
843 1185 1003 1275 legimus:
1033 1185 1209 1283 Σαπφώ,
1240 1187 1383 1278 Λεσβία
1425 1186 1467 1263 ἐκ
1495 1198 1629 1262 Merv-

373 1313 501 1412 λήνης,
529 1310 730 1415 molbreia.
761 1310 875 1408 adira
902 1308 957 1393 δι’
982 1316 1123 1420 ἔρωτα
1161 1318 1339 1412 Φάωνος
1376 1325 1465 1395 rori
1493 1333 1630 1396 Merv-

374 1446 553 1548 ληναίου
579 1448 621 1526 ἐκ
648 1457 735 1527 :roo
758 1451 981 1528 Λευκαίου
997 1452 1308 1530 sarracenica
1324 1451 1490 1551 ἑαυτήν.
1518 1457 1629 1536 reric

374 1575 416 1659 da*
444 1586 509 1659 καί
536 1582 700 1676 ταύτης
726 1565 827 1659 είναι
842 1576 1022 1680 λυρικην
1036 1586 1275 1701 ἀνέγραψαν
1299 1588 1477 1682 ποίησιν.
1506 1593 1629 1665 Altero

377 1728 492 1793 autern
517 1721 592 1794 loco
620 1722 660 1813 (s.
688 1745 720 1793 ν.
750 1718 892 1816 Φάων)
921 1730 1060 1830 exstant
1078 1725 1175 1796 haec:
1210 1725 1305 1800 noo·
1325 1722 1501 1810 Φάωνος
1516 1720 1632 1824 ἐρασ-

376 1853 498 1944 θῆναί
526 1864 628 1947 φασι
657 1852 734 1929 orio
749 1846 928 1940 πολλοῖς
948 1857 1009 1929 καί
1027 1854 1204 1954 Σαπφώ,
1232 1858 1290 1932 or)
1306 1860 1378 1950 aar
1401 1856 1631 1961 ποιήτριαν

377 1978 485 2064 α’λλαί
512 1989 690 2102 Λεσβίαν,
719 1987 786 2063 καί
812 1985 1211 2089 α’ποαυγχάνουσαν
1228 1981 1349 2098 ῥῖψαι
1373 1985 1529 2087 §corb
1544 1991 1632 2068 arro

378 2129 449 2215 τῆς
478 2115 678 2212 Λευκάδος
706 2119 873 2226 πέτρας.
902 2127 1111 2219 Priusquam
1139 2127 1183 2199 ad
1209 2128 1451 2220 explicandam
1478 2129 1520 2202 de
1547 2131 1632 2223 Sap-

377 2260 467 2353 phus
493 2281 641 2352 persona
668 2264 938 2335 controversiam
964 2263 1200 2352 accingamur,
1226 2284 1313 2355 quae
1338 2285 1380 2335 ex
1394 2270 1541 2354 utroque
1553 2263 1630 2337 loco

380 2396 547 2486 nascitur,
574 2416 645 2467 uon
659 2415 955 2486 supervacaneum
972 2416 1047 2466 esse
1058 2401 1223 2498 putamus
1239 2397 1441 2486 posterioris
1454 2396 1521 2469 loci
1537 2417 1632 2469 men·

379 2523 462 2595 dum
489 2525 674 2614 corrigere,
702 2525 794 2616 quod
821 2523 975 2597 nonduin
1001 2523 1180 2595 sublatum
1207 2545 1282 2596 esse
1307 2526 1503 2614 opinamur:
1530 2544 1633 2596 voca-

379 2658 462 2733 bula
488 2660 580 2731 enirn
607 2656 837 2748 rrrrrr'rpaou
864 2665 898 2730 et
923 2659 1089 2749 Λεσβίαν
1117 2660 1210 2731 inter
1236 2680 1272 2730 se
1298 2681 1371 2731 non
1397 2663 1634 2730 suntcontra-

380 2797 446 2885 ria,
472 2814 552 2897 cunr
577 2795 713 2886 poetria
738 2813 885 2884 quoque,
913 2793 1022 2864 Ereso
1048 2790 1208 2878 oriunda,
1237 2788 1382 2882 Λεσβία
1397 2791 1514 2862 luerit,
1543 2790 1635 2881 Quo-

381 2933 523 3020 propter
560 2927 789 3018 posteriorem
828 2945 947 2996 vocem
993 2931 1193 3016 corruptam
1232 2944 1308 2994 esse
1347 2945 1418 2996 non
1458 2929 1511 2994 est
1543 2920 1636 3013 quod

381 3059 554 3162 infitiaris
581 3061 704 3150 ltaque
732 3059 883 3148 priorem
907 3058 1021 3131 locum
1048 3059 1240 3148 respiciens
1267 3078 1329 3148 pro
1357 3053 1524 3128 Aeetine
1550 3055 1638 3126 scri-

381 3193 533 3266 bendum
587 3214 662 3264 esse
712 3213 741 3283 ψ
755 3180 864 3265 ἀλα
878 3211 905 3291 ρ
920 3216 935 3266 ι
950 3214 1008 3265 αν
1062 3192 1327 3282 proposuerim,
1379 3212 1447 3280 qua
1490 3190 1638 3261 lectione

383 3333 536 3424 accepta¹
551 3301 679 3399 omnia¹
695 3333 790 3399 recte
815 3347 891 3399 sese
916 3325 1060 3397 habent.

480 3463 556 3533 Iam
580 3462 775 3553 quaeritur,
803 3458 887 3551 quid
914 3458 956 3530 de
982 3460 1048 3530 hac
1074 3458 1184 3530 altera
1219 3454 1638 3549 Sapphone-psaltriam

329 3675 331 3680 .
383 3597 737 3673 dico-statuendum
751 3595 821 3669 sit?
838 3597 893 3669 Ex
905 3598 1034 3689 prioris
1061 3595 1187 3668 Suidae
1212 3596 1279 3667 loci
1305 3594 1432 3666 verbis:
1461 3591 1571 3678 τινὲς
1594 3581 1635 3662 δὲ

385 3733 449 3807 καί
476 3729 640 3824 ταύτης
667 3711 768 3803 εἶναι
804 3720 984 3834 λυρικνζν
1012 3726 1079 3802 α’νέ
1086 3713 1251 3839 yponae
1286 3729 1454 3818 ποίησιν
1482 3726 1640 3819 νεανίαιν

385 3868 454 3938 iarn
481 3866 675 3957 antiquitus
692 3865 735 3937 de
748 3865 935 3956 Sapphone
963 3865 1107 3955 psaltria
1133 3863 1329 3934 dubitatum
1357 3884 1443 3952 esse3
1469 3844 1640 3933 recenti'o-

385 4023 462 4072 rum
500 4023 582 4073 vero
621 4001 780 4092 plerique
818 4000 910 4072 hanc
952 3998 1175 4090 Sapphonem
1215 3997 1405 4103 aGraecis
1443 3995 1640 4067 litterarum

387 4136 556 4207 historiae
580 4133 814 4224 scriptoribus
839 4131 956 4216 fictam
983 4153 1058 4204 esse
1083 4151 1289 4224 persuasum
1316 4130 1457 4220 habent,
1486 4129 1542 4200 cui
1569 4150 1641 4200 om-

386 4269 457 4358 nia,
484 4286 574 4359 quae
599 4265 770 4357 poetriam
798 4264 913 4335 minus
940 4261 1063 4334 decere
1102 4261 1315 4346 viderentur,
1357 4259 1530 4348 assignari
1563 4279 1642 4348 pos-

387 4401 525 4492 sent*).
553 4401 650 4490 Quae
677 4397 795 4490 opinio
823 4418 868 4469 an
894 4394 1099 4488 accipienda
1126 4395 1182 4487 sit,
1210 4394 1342 4466 dubito:
1382 4392 1571 4465 nonenim
1599 4391 1643 4462 ab

390 4534 685 4609 hominibus
722 4532 1012 4620 litteratis
1052 4528 1113 4601 sed
1153 4529 1416 4602 acomicis
1467 4527 1643 4622 poetis
1703 4623 1706 4628 A

389 4758 815 4772 ...a-affl*

494 4893 518 4961 *)
535 4891 575 4950 (it.
595 4905 618 4948 o.
638 4905 665 4960 g.
685 4889 789 4948 schino
808 4891 828 4946 1.
846 4889 866 4945 l
885 4903 912 4958 p.
932 4888 995 4946 76⁰.
