3822 5758
862 420 1061 494 ..38-

335 672 470 745 quoque
495 657 530 723 et
554 651 592 723 in
614 651 767 743 prologis
793 659 828 725 et
852 652 891 724 in
904 651 1020 723 exodis
1047 652 1156 724 multa
1172 652 1327 745 exempla
1345 653 1583 745 inveniuntur,

334 793 451 859 tamen
489 786 683 859 Romanum
721 793 857 880 poetam
896 808 1007 879 neque
1038 787 1101 860 hos
1127 809 1238 879 neque
1263 765 1517 861 Alexandrinos
1542 787 1585 860 ob

334 922 451 996 oculos
478 920 641 995 habuisse
664 921 765 995 facile
791 921 1025 1008 concedemus,
1055 923 1085 995 si
1099 923 1275 1013 integrum
1301 928 1474 1015 superstes
1500 921 1586 1015 Sap-

333 1057 424 1150 phus
451 1079 589 1130 carmen
617 1045 718 1150 (frug.
749 1059 784 1150 1)
811 1063 943 1130 attente
967 1059 1227 1150 perlegerimus.
1260 1045 1352 1132 Nam
1377 1058 1427 1132 ibi
1452 1080 1586 1153 quoque

333 1191 453 1265 Venus
477 1192 620 1283 loquens
659 1191 848 1284 inducitur,
889 1194 986 1264 cuius
1012 1193 1166 1293 primum
1191 1197 1260 1280 (vu.
1290 1194 1448 1287 15-18)
1476 1193 1586 1266 oratio

334 1325 472 1417 obliqua
497 1325 657 1418 refertur,
683 1348 772 1419 quae
797 1324 878 1398 inde
903 1348 924 1398 a
949 1324 1061 1399 medio
1087 1349 1118 1399 v.
1149 1330 1193 1398 18
1220 1327 1258 1398 in
1289 1332 1420 1400 rectam
1446 1324 1574 1400 transit

333 1459 429 1532 Idem
453 1461 541 1551 frag.
571 1466 617 1534 74
642 1463 775 1535 recurri
805 1463 851 1554 *).
891 1463 1012 1555 Itaque
1050 1464 1079 1534 si
1106 1463 1281 1555 exemplar
1306 1464 1381 1536 eius
1407 1463 1514 1536 moris
1541 1460 1615 1534 adx

333 1593 541 1669 imitandum
569 1595 694 1671 Ouidio
711 1597 936 1689 propositum
962 1597 1172 1688 quaerimur,
1211 1602 1332 1689 poetae
1356 1597 1473 1688 potius
1499 1595 1585 1688 Sap-

332 1729 425 1820 phus
451 1731 608 1802 carmina
645 1751 748 1824 quam
787 1729 1105 1803 Alexandrinorum
1131 1729 1174 1801 ob
1200 1729 1316 1802 oculos
1348 1737 1486 1804 versata
1511 1751 1585 1803 csse

333 1862 531 1958 ponendum
555 1871 619 1956 est,
646 1885 730 1937 sane
754 1863 833 1936 fieri
870 1864 995 1956 potuit,
1023 1869 1063 1936 ut
1089 1862 1235 1937 Ovidius
1274 1885 1344 1937 non
1371 1864 1482 1936 solum
1507 1885 1584 1936 eum

334 1997 561 2091 componendi
586 2020 727 2091 morem,
751 1997 813 2074 sed
839 1999 967 2071 utiam
994 2017 1100 2088 supra
1128 1997 1348 2090 coniecimus,
1375 2003 1483 2071 totam
1509 2019 1583 2070 rem

333 2155 354 2205 a
378 2131 565 2226 Sapphone
590 2139 769 2206 mutuatus
795 2133 851 2205 sit.

430 2267 596 2342 Attamen
621 2290 665 2341 ne
690 2265 745 2341 his
771 2267 909 2364 quidem
934 2269 1091 2362 quaestio
1122 2267 1280 2342 absoluta
1305 2274 1361 2341 est
1386 2273 1421 2341 et
1444 2267 1583 2357 longius

332 2403 518 2495 procedere
542 2406 634 2479 licet.
662 2405 850 2497 Quaeritur
886 2405 990 2496 enim,
1017 2427 1038 2477 a
1062 2424 1212 2497 quonam
1251 2401 1400 2477 Ovidius
1426 2402 1583 2476 carmina

333 2540 595 2634 epistulas
634 2541 918 2614 amatorias
957 2541 1171 2614 continentia
1221 2539 1371 2613 scribere
1409 2538 1581 2630 didicerit

332 2696 436 2768 quam
462 2676 697 2768 quaestionem
723 2676 788 2747 hoc
812 2674 886 2748 loco
898 2675 1072 2764 attingere
1097 2674 1141 2746 ab
1167 2675 1211 2746 iis
1237 2695 1326 2766 quae
1351 2673 1488 2765 suscepi
1513 2692 1583 2746 non

333 2807 485 2881 alienum
523 2829 597 2880 esse
635 2807 729 2880 duxi.
769 2809 848 2881 Birt
871 2787 987 2899 putat
1013 2806 1178 2880 Ovidium
1211 2807 1376 2880 lectitatis
1401 2805 1582 2899 Euripidis

333 2943 552 3034 potissimum
578 2911 778 3036 tragoediis,
804 2964 825 3014 a
851 2964 918 3036 quo
944 2948 1045 3033 poeta
1077 2941 1181 3013 semel
1206 2947 1310 3035 atque
1335 2943 1462 3015 iterum
1489 2940 1598 3014 codi-·

334 3074 404 3147 cilli
430 3077 467 3148 in
492 3067 630 3148 scenam
669 3074 804 3148 inducti
836 3082 961 3162 essent,
990 3069 1195 3148 commotum
1221 3097 1306 3169 esse,
1333 3082 1374 3149 ut
1399 3078 1474 3168 ipse
1498 3097 1581 3168 quo-

332 3231 398 3304 que
435 3210 662 3301 epistularum
698 3212 809 3283 forma
841 3209 1443 3302 1111111111111111111111111).
1486 3209 1583 3301 Quae

332 3346 449 3439 opinio
474 3367 520 3417 an
545 3343 747 3436 accipienda
772 3345 829 3436 sit,
855 3343 957 3416 valde
988 3341 1120 3416 dubito:
1147 3365 1227 3416 nam
1254 3345 1291 3416 in
1316 3342 1516 3434 tragoediis,
1542 3349 1582 3416 ut

331 3480 445 3572 Iphig.
474 3479 576 3551 Taur.
604 3502 635 3550 v.
667 3483 737 3551 584
775 3498 847 3569 sqq.
879 3477 966 3568 (coll.
994 3477 1138 3550 Aristot.
1165 3485 1254 3569 poet.
1284 3499 1311 3550 c.
1341 3481 1413 3569 11),
1441 3477 1579 3568 Hippol.

331 3636 363 3684 v.
391 3617 461 3686 aot
489 3613 631 3684 minime
669 3613 898 3684 inveniuntur
923 3610 1092 3701 epistulae
1117 3613 1403 3684 amatoriae
1429 3617 1464 3683 et
1490 3609 1581 3683 codi-

332 3745 401 3819 cilli
427 3746 477 3818 ibi
502 3746 594 3818 obvii
620 3767 744 3835 parum
771 3744 936 3816 differunt
961 3745 1078 3817 abillo
1098 3744 1240 3817 πίνακι
1255 3745 1581 3848 πτνκγῴ,.11111

331 3879 424 3973 apud
462 3881 652 3953 Homerum
693 3880 746 3971 (11.
782 3879 844 3972 VI,
887 3884 954 3952 168
994 3883 1082 3972 sqq.)
1135 3881 1280 3953 Proetus
1325 3880 1581 3972 Bellerophonti

331 4016 487 4108 tradidit,
514 4023 554 4090 ut
579 4038 658 4089 eum
683 4015 727 4088 ad
754 4037 910 4089 socerum
936 4017 973 4088 in
998 4016 1141 4110 Lyciam
1179 4018 1294 4090 ferret.
1323 4016 1485 4089 Ceterum
1511 4017 1580 4088 iam
1635 4011 1637 4016 ’

436 4349 459 4417 *)
474 4347 517 4406 of.
545 4349 658 4405 Maximi
686 4349 765 4417 Tyrii
792 4349 980 4405 testimonium
1008 4350 1054 4405 illi
1081 4351 1236 4418 fragmento
1264 4354 1454 4430 praemissum:
1484 4353 1582 4436 Λέγει

330 4460 394 4504 που
417 4438 469 4502 καί
495 4443 626 4521 >jungant
648 4437 668 4515 ἦ
694 4437 865 4522 Ἀφροδίτη
888 4435 918 4501 ἓν
933 4436 1222 4522 ᾄσματι-’11111111
1249 4443 1373 4512 poetriae
1397 4459 1500 4499 morem
1528 4444 1582 4500 ltn-

297 4559 301 4568 »
329 4528 621 4597 thologiaePalatinaa
641 4542 794 4596 anonymus
813 4529 895 4596 poeta
912 4527 1039 4584 imitatus
1057 4531 1162 4603 estqui
1180 4534 1390 4603 1151111111
1409 4534 1581 4604 sapphonem

330 4617 501 4685 alloquentes
519 4618 634 4673 inducit.

437 4708 460 4775 *)
477 4707 516 4765 of.
538 4708 596 4764 eius
623 4709 708 4765 verba
735 4711 754 4764 1.
774 4712 793 4766 1.
813 4725 840 4780 p.
858 4710 923 4767 401:
953 4711 1224 4778 «Atque-inquit—
1236 4713 1325 4783 ipsam
1344 4727 1447 4780 quoque
1466 4715 1579 4778 δέλτον

329 4812 418 4853 11111
437 4798 657 4873 frequentissime
685 4800 757 4869 apud
785 4799 906 4867 tragicos
924 4801 1030 4856 eosdem
1054 4801 1223 4872 adplicatam
1241 4804 1361 4872 legerat?
1381 4802 1458 4859 modo
1478 4817 1580 4859 memor

328 4887 367 4943 111
384 4888 532 4959 Hippolyti
550 4889 702 4961 utriusque
721 4893 817 4946 contra
836 4891 871 4946 ab
890 4890 976 4960 epicis
994 4905 1027 4946 11
1044 4889 1103 4948 fare
1122 4893 1241 4950 aliena».
