3822 5758
865 389 1063 470 ..36-

338 637 537 724 comparata
569 651 642 702 esse
679 629 920 723 animadverti,
961 639 1000 704 ut
1038 630 1230 706 Ouidianae
1268 632 1437 724 epistulae
1475 633 1589 707 verbis

248 757 282 796 ''
335 764 545 860 respondere
570 765 764 839 videantur.
792 766 846 838 Ita
872 788 950 838 cum
975 791 1006 840 v.
1035 771 1093 839 27:

484 901 533 973 At
558 900 645 972 mihi
671 899 857 989 Pegasides
883 898 1113 972 blandissima
1140 902 1295 973 carmina
1321 901 1456 976 dictant
1499 999 1502 1006 Ι

336 1039 381 1112 53
407 1031 652 1127 fragmentum,
680 1057 701 1106 a
727 1027 914 1106 Plutarcho
942 1032 999 1125 (de
1024 1032 1156 1122 garrul.
1173 1056 1201 1105 c.
1225 1036 1261 1127 5)
1289 1041 1476 1128 servatum,
1491 1035 1589 1107 miri·
1637 1040 1639 1046 ’

334 1163 399 1243 fite
424 1169 595 1263 congruit,
621 1166 712 1261 quod
738 1166 854 1256 Bergk
881 1166 904 1236 l.
931 1166 952 1237 l.
981 1189 1014 1257 p.
1043 1170 1114 1238 704
1139 1167 1216 1240 iure
1241 1165 1419 1260 Sapphoni
1453 1169 1588 1241 tribuit:
1650 1178 1653 1184 '

477 1293 601 1407 Ἔγω
627 1301 741 1396 φᾶμι
772 1293 1053 1391 ἰοπλοκάμων
1081 1297 1232 1375 Μοισᾶν
1261 1293 1312 1374 erl
1337 1291 1483 1398 λαχεῖν
1503 1303 1550 1393 *t

333 1436 444 1510 Porro
469 1437 558 1526 frag.
589 1440 646 1528 78,
674 1435 734 1507 ubi
759 1435 895 1508 iuvenis
921 1434 1062 1526 quidam

659 1661 661 1665 Ι
737 1567 980 1676 Ναρκίσσου
1008 1561 1275 1678 τερενώτερος

334 1701 474 1796 dicitur,
502 1703 677 1776 commode
717 1701 761 1776 ad
787 1703 963 1776 Phaonem
1002 1705 1123 1776 referri
1161 1711 1283 1797 potest,
1322 1725 1423 1796 quem
1455 1706 1588 1795 poetria

334 1836 427 1930 apud
454 1835 619 1910 Ovidium
658 1835 703 1910 ad
728 1838 802 1910 eius
830 1844 984 1910 teneram
1024 1843 1173 1912 aetatem
1199 1836 1355 1912 alludens
1393 1861 1425 1910 v.
1454 1841 1499 1910 93
1533 1837 1588 1908 his

288 2057 293 2069 ,
333 1971 449 2062 verbis
475 1969 667 2062 compellat:

380 2189 381 2195 ἵ
481 2103 511 2178 Ο
539 2126 603 2178 nec
628 2105 745 2178 adhuc
769 2106 914 2197 iuvenis,
941 2125 1004 2177 nec
1029 2105 1099 2177 iam
1124 2126 1220 2196 puer.
1352 2155 1354 2160 -

432 2238 489 2310 Ad
513 2237 660 2330 eundem
698 2239 876 2311 Phaonem
915 2239 1001 2310 mihi
1038 2238 1218 2312 referenda
1255 2260 1329 2345 esse
1360 2237 1523 2311 videntur
1548 2259 1589 2310 ea

334 2375 501 2467 carmina,
528 2396 674 2466 quorum
700 2374 867 2464 reliquiae
906 2372 1106 2447 decurtatae
1143 2396 1254 2466 nuper
1285 2376 1323 2446 in
1350 2374 1507 2468 Aegypto
1533 2394 1587 2445 re-

330 2513 448 2599 pertae
474 2515 508 2581 et
533 2507 702 2582 aBlassio
717 2507 829 2580 editae
842 2513 925 2579 sunt
940 2507 1011 2596 *lg
1042 2529 1127 2600 quas
1141 2507 1291 2597 Bergkio
1305 2506 1399 2581 haud
1412 2483 1587 2579 annuente

330 2643 453 2734 isqui·
471 2640 581 2715 edidit
606 2643 728 2714 merito
768 2633 960 2732 Sapphicas
999 2658 1074 2714 esse
1099 2643 1231 2714 statuit:
1276 2643 1467 2715 sententiae
1493 2641 1586 2715 enim

330 2775 369 2849 in
394 2776 438 2848 iis
463 2796 655 2868 expressae,
695 2747 864 2868 quantum
903 2775 1094 2864 esingulis
1131 2775 1246 2848 verbis
1273 2775 1424 2849 divinari
1463 2780 1586 2867 potest,

331 2909 459 2998 mirum
484 2909 522 2980 in
548 2907 687 2980 modum
713 2930 791 2980 cum
816 2909 859 2980 iis
887 2908 1117 3000 consentiunt,
1144 2909 1296 3001 quaein
1323 2907 1497 2982 Ouidiana
1514 2908 1586 2999 epi-

204 3125 207 3130 ,
331 3043 423 3118 stulu
449 3047 596 3116 exstant.
624 3040 716 3116 Nam
741 3042 894 3134 primum
920 3064 939 3114 e
964 3041 1052 3132 frag.
1081 3047 1126 3116 88
1153 3043 1196 3116 Β
1220 3067 1253 3115 v.
1282 3047 1302 3115 9
1332 3064 1382 3136 sq.
1409 3044 1525 3118 verbis
1591 3095 1592 3100 ,

750 3175 1164 3308 autumnum

935 3344 1155 3441 trquot

330 3481 488 3556 concludi
513 3489 627 3574 potest
665 3481 706 3554 de
731 3482 884 3572 poetriae
915 3483 1033 3566 *amico
1070 3481 1220 3573 quodam
1261 3485 1299 3556 in
1336 3484 1395 3558 illo
1434 3489 1592 3560 carmine

329 3617 399 3708 agi,
430 3616 530 3689 cuius
555 3615 771 3708 amplexibus
810 3615 973 3688 delectari
999 3615 1139 3689 solebat.
1175 3617 1388 3709 Quibuscum
1416 3621 1583 3713 conferas,

330 3770 419 3842 quae
444 3749 584 3842 Sappho
634 3748 803 3841 epistulae
828 3772 881 3823 vv.
909 3752 956 3822 46
983 3771 1069 3842 sqq,
1099 3755 1179 3844 127,
1209 3757 1276 3825 142
1307 3775 1392 3846 sqq,
1416 3758 1482 3826 191
1510 3775 1582 3847 sqq.

331 3881 426 3955 dicit.
453 3883 562 3956 Porro
587 3882 740 3956 eiusdem
765 3885 852 3975 frag.
880 3907 933 3959 vv.
962 3889 1069 3957 5—7:

625 4000 961 4095 Aunnnmmn

624 4119 1042 4270 ΣΑΝΤΙΛᾼΜΠΗΝ
1066 4229 1068 4234 .

577 4269 1052 4364 uaMONHPOXXXIION

434 4531 459 4602 *l
478 4531 518 4590 of.
539 4545 624 4600 supra
642 4545 669 4600 p.
692 4531 796 4602 1811,
817 4530 1047 4598 diotrepto.
1435 4587 1438 4594 Δ
1502 4587 1505 4594 ,
1536 4589 1537 4592 ,

422 4622 461 4691 ”t
480 4623 511 4679 X.
529 4622 627 4678 lthein.
647 4622 713 4678 Mus.
732 4621 827 4691 XXXX,
848 4623 989 4678 nar-290
1007 4624 1042 4687 (a.
1065 4622 1143 4687 1880)
1161 4621 1224 4677 ooll.
1244 4620 1341 4690 Bergk.
1362 4623 1380 4677 l.
1400 4623 1419 4677 l.
1439 4619 1529 4689 frogg.
1547 4621 1579 4678 at

329 4712 356 4768 A
375 4714 403 4769 et
420 4711 456 4784 B,
473 4713 613 4769 Whauton.
633 4714 652 4768 l.
671 4714 690 4768 l.
710 4726 758 4781 pp.
780 4712 927 4781 174-181,
946 4710 994 4777 qui
1010 4711 1295 4780 illorumpannorum
1324 4713 1465 4790 exemplar
1484 4710 1581 4779 photo-

329 4802 461 4872 typioum'
473 4802 546 4878 libro
566 4817 612 4857 sno
632 4801 757 4860 inseruit.
1206 4817 1207 4820 ¹
1349 4795 1352 4800 “
