3822 5758
805 433 1001 502 ..15...

373 661 494 753 Itaque
520 683 598 733 cum
626 667 818 734 ceterarum
845 661 1036 734 Heroidum
1063 665 1254 755 complures
1269 666 1528 738 accuratissime

192 817 194 824 ⁴
278 818 368 891 cum,
382 797 426 867 iis
454 796 678 887 carminibuS‚
707 795 798 868 unde
826 817 883 868 eas
911 797 1032 871 ductas
1059 819 1134 870 esse
1159 799 1348 873 verisimile
1390 799 1529 873 videba-

276 935 346 1017 tur,
373 935 593 1019 comparatae
619 936 745 1020 essent,
785 931 823 1001 iu
850 929 1011 1021 Sapphus
1052 932 1236 1021 epistulam
1269 940 1352 1005 ante
1378 933 1529 1006 Birtium

277 1086 378 1138 nemo
417 1063 621 1154 diligentius
665 1065 858 1156 inquisivit,
907 1086 996 1156 quae
1035 1067 1072 1137 in
1110 1069 1378 1158 commentariis,
1417 1075 1456 1140 ut
1493 1071 1531 1141 in

278 1197 461 1270 Wolliauis
486 1199 578 1271 notis
599 1200 787 1290 variorum,
816 1198 907 1289 apud
921 1198 1154 1292 Welckerum‚
1183 1201 1386 1293 Bergkium,
1431 1203 1532 1276 Vrie-

280 1337 370 1408 sium
396 1334 519 1408 collata
551 1336 789 1426 inveniuntur,
816 1335 1027 1426 paucissima
1053 1341 1137 1409 sunt
1161 1344 1196 1409 et
1222 1337 1331 1409 solum
1354 1346 1531 1431 tamquam

280 1473 318 1543 in
342 1470 595 1562 praetereundo
621 1476 800 1544 annotata
839 1470 948 1544 Cuius
987 1475 1155 1565 primaria
1189 1495 1293 1547 cansa
1320 1477 1405 1548 haec
1445 1478 1532 1548 mihi

281 1626 357 1678 esso
381 1599 531 1679 videt'ur:
571 1609 781 1680 recentiores
820 1629 897 1680 cum
925 1629 1000 1679 eam
1027 1607 1212 1680 Heroidem
1255 1611 1532 1698 agenuinorum

239 1753 241 1762 “
282 1737 401 1813 Ovidii
428 1741 623 1813 carminum
650 1740 826 1812 imitatore
852 1739 1001 1831 quodam
1028 1741 1306 1830 conglutinatam
1332 1761 1407 1813 esse
1432 1749 1533 1832 puta-

282 1881 371 1965 rent,
411 1894 456 1946 ne
481 1872 624 1963 dignam
664 1873 803 1964 quidem
841 1874 1116 1965 arbitrabantur,
1157 1875 1213 1946 cui
1252 1895 1393 1964 operam
1431 1882 1535 1968 atque

283 1999 395 2072 oleum
421 1995 671 2091 impenderent.

381 2132 498 2224 Birtii,
526 2135 744 2226 quiprimus‚
771 2141 810 2205 ut
835 2135 904 2205 iam
930 2133 1091 2226 diximus,
1119 2139 1317 2210 accuratius
1344 2160 1535 2230 eamquae-

285 2271 432 2344 stionem
458 2273 634 2364 tractavit,
661 2273 778 2365 opinio
805 2293 843 2344 eo
870 2273 1026 2364 inclinat,
1055 2280 1094 2345 ut
1119 2282 1294 2346 auctorem
1331 2276 1434 2348 huius
1462 2278 1534 2367 epi-

287 2405 398 2479 stulae
424 2404 629 2478 Callimachi
669 2407 863 2497 exemplum
902 2412 1058 2479 secutum
1086 2428 1161 2479 esse
1188 2415 1330 2500 statuat,
1372 2432 1472 2502 quem
1499 2413 1537 2481 in

286 2541 399 2614 Aetiis
442 2540 484 2613 de
521 2539 682 2631 Sapphus
720 2561 855 2632 quoque
892 2562 975 2630 erga
1014 2539 1189 2613 Phaonem
1229 2563 1345 2614 amore
1377 2564 1538 2615 narrasse

288 2694 494 2766 persuasum
521 2672 637 2764 habet,
664 2695 768 2765 quam
795 2675 1004 2745 senteutiam
1031 2675 1069 2745 in
1097 2674 1337 2766 „Appendice“
1356 2677 1420 2748 sub
1433 2676 1539 2749 finem

293 2805 687 2897 „animadversionum
717 2806 853 2879 adiecta
880 2807 1090 2897 comparatis
1117 2807 1352 2899 compluribus
1372 2809 1540 2900 epistulae

288 2942 372 3015 locis
401 2962 478 3014 cum
507 2939 750 3013 Callimaoheis
774 2941 980 3030 fragmentis
1007 2938 1246 3015 demonstrare
1272 2949 1427 3015 conatur.
1444 2944 1540 3035 Quae

200 3049 204 3054 ¹
288 3077 405 3169 opinio
431 3096 534 3168 quam
561 3074 711 3148 infirmis
736 3075 963 3147 adminiculis
983 3078 1118 3148 nitatur
1145 3078 1296 3166 primum
1319 3100 1412 3150 erveo
1427 3080 1566 3170 sequi:

289 3217 358 3304 tur,
385 3210 476 3304 quod
515 3234 586 3285 non
613 3214 722 3285 solum
763 3211 805 3284 de
830 3211 891 3283 tali
936 3209 1168 3284 Callimacheo
1208 3214 1362 3285 carmine
1400 3215 1438 3284 in
1465 3216 1540 3286 eius

289 3347 391 3421 Aetia
417 3348 551 3420 inserto
577 3346 667 3418 nihil
693 3346 880 3418 memoriae
904 3343 1080 3436 proditum
1108 3352 1171 3437 est,
1214 3344 1273 3419 sed
1312 3368 1356 3418 ne
1381 3344 1423 3417 de
1449 3349 1541 3437 ipso-

290 3504 369 3555 rum
395 3480 536 3575 quidem
575 3481 755 3554 Aetiorum
793 3486 999 3571 argumento
1037 3481 1074 3552 in
1114 3481 1315 3552 universum
1354 3479 1541 3573 quidquam

293 3617 380 3692 certi
406 3585 618 3707 compertum
658 3616 835 3688 habemus.
876 3613 1169 3704 Fragmentorum
1208 3621 1334 3706 autem,
1354 3595 1463 3707 (quae
1489 3616 1543 3688 vir

293 3747 414 3822 doctus
440 3747 484 3820 ad
510 3746 721 3822 fulciendam
746 3749 955 3820 sententiam
982 3747 1112 3837 attulit,
1128 3746 1289 3861 ⁵plurima
1313 3769 1394 3837 pars
1421 3769 1463 3818 ex
1489 3749 1542 3820 in-

294 3885 397 3956 certis
423 3884 605 3973 desumpta
630 3890 693 3972 est3
721 3889 757 3954 at
783 3905 823 3954 ea
848 3902 996 3974 quoque,
1023 3903 1171 3974 quorum
1200 3881 1432 3954 Callimachea
1447 3885 1543 3973 origo

293 4019 414 4110 procul
440 4017 546 4090 dubio
571 4025 634 4109 est,
662 4019 711 4089 ita
738 4022 935 4106 comparata
961 4021 1054 4106 sunt,
1081 4022 1120 4086 ut
1146 4036 1231 4087 sana
1258 4021 1372 4087 mente
1410 4024 1445 4088 et
1470 4019 1545 4090 sine

294 4153 410 4226 studio
446 4175 486 4225 ea
523 4151 740 4243 perpendens
781 4150 1044 4224 similitudinem
1084 4156 1146 4220 aut
1185 4148 1316 4223 nullam
1354 4157 1417 4223 ant
1447 4151 1546 4224 valde

295 4285 436 4360 dubiam
475 4292 609 4359 statuas
626 4288 668 4377 *).
709 4286 874 4358 Attamen
914 4307 958 4357 ne
1001 4304 1077 4356 mea
1114 4285 1219 4355 nimis
1260 4305 1379 4355 amare
1413 4284 1544 4376 videar,

370 4630 391 4702 *l
412 4631 537 4688 Ceterum
556 4630 615 4698 ipse
634 4631 733 4684 auctor
752 4626 1083 4695 quamquaml.l.p.4tlll
1102 4626 1132 4681 in
1143 4640 1208 4682 aun.
1220 4641 1273 4681 sese
1291 4641 1339 4681 «ex
1350 4636 1434 4683 arena
1452 4625 1549 4683 funem

297 4723 404 4779 facere»
426 4721 518 4790 negat
538 4719 681 4776 tamenin
703 4718 861 4787 Appendice
881 4721 919 4785 (p.
940 4718 991 4774 430
1012 4721 1081 4783 sqq.)
1100 4715 1239 4784 epistulae
1259 4730 1359 4772 versus
1378 4733 1439 4772 oum
1460 4716 1549 4773 (lalli-

298 4811 421 4866 maoheis
441 4811 605 4879 plerumque
634 4809 800 4864 dubitanter
830 4807 972 4877 componit
999 4821 1085 4873 neque
1114 4821 1171 4862 rem
1201 4820 1262 4860 ase
1291 4807 1468 4874 profligatam
1492 4823 1548 4897 esse

300 4900 453 4957 contendit.
