3804 5786
872 413 1100 490 ’-66-

336 640 599 722 'recentiorum
639 645 682 721 de
707 650 841 740 poetria
879 651 1060 724 sententiis
1099 656 1138 722 ut
1163 651 1213 723 ita
1238 645 1352 723 dicam
1390 657 1486 724 recta
1510 649 1623 726 fronte

368 790 582 874 repugnant
621 805 707 875 quas
746 785 840 874 ipsas
880 790 1053 875 spectatas
1098 787 1246 858 novis
1296 787 1622 876 argumentis

368 916 525 990 refellere
552 917 762 990 conabimur.

469 1054 592 1146 ltaque
614 1056 726 1144 primo
752 1052 825 1127 loco
851 1054 895 1127 ad
922 1055 1015 1128 illam
1043 1054 1096 1127 de
1120 1055 1326 1128 Phaone
1352 1058 1622 1132 controversiam

369 1185 600 1260 dirimendam
626 1195 876 1280 convertemur,
902 1211 1003 1282 quem
1029 1189 1074 1262 ab
1101 1187 1226 1263 Ovidio
1253 1211 1293 1260 ex
1321 1189 1483 1281 Sapphus
1498 1191 1622 1261 carmi·

369 1321 472 1392 nibus
511 1320 729 1411 desumptum
769 1343 843 1392 esse
881 1324 1075 1394 statuimus.
1125 1323 1173 1394 At
1210 1323 1440 1394 recentiorum
1478 1323 1621 1413 plurimi

367 1455 545 1527 Phaonem
572 1477 724 1544 unquam
749 1456 854 1526 fuisse
880 1462 1010 1544 negant
1036 1458 1177 1548 eiusque
1202 1477 1385 1546 personam
1414 1463 1550 1528 tantum
1576 1455 1621 1527 ab

368 1589 495 1660 Atticis
535 1589 786 1661 comoediarum
825 1590 1052 1679 scriptoribus
1078 1589 1193 1662 fictam
1220 1611 1295 1662 esse
1326 1611 1530 1681 persuasum
1557 1590 1620 1661 ha-

367 1723 450 1794 bent
466 1723 512 1814 i).
541 1725 636 1814 Quae
661 1724 777 1813 opinio
793 1745 830 1794 eo
844 1724 979 1795 facilius
993 1725 1029 1795 in
1044 1725 1221 1797 hominum
1242 1724 1420 1798 doctorum
1448 1725 1620 1796 mentibus

366 1857 501 1928 radices
516 1858 597 1946 egit,
607 1857 859 1948 quodPhaonis
874 1880 998 1935 nomen
1013 1859 1048 1929 in
1058 1858 1218 1948 Sapphus
1232 1859 1435 1954 fragmentis
1450 1882 1620 1949 nusquam
1683 1905 1687 1915 .

366 1991 504 2114 legitur,
532 1992 737 2083 Palaephati
764 2000 878 2065 autem
902 1993 944 2065 de
958 2015 997 2065 eo
1010 1995 1256 2084 testimonium,
1287 2001 1407 2085 utpote
1426 1995 1484 2086 qui
1499 2001 1620 2086 auctor

366 2132 480 2198 aetate
505 2127 649 2198 inferior
674 2129 730 2217 sit,
756 2126 831 2198 leve
856 2149 919 2198 nec
945 2129 1030 2199 satis
1050 2126 1156 2199 fidum
1170 2135 1314 2217 putatur
1330 2131 1374 2218 (v.
1393 2152 1424 2219 p.
1442 2134 1488 2203 54
1501 2136 1559 2201 ext
1581 2131 1617 2219 .).

366 2259 434 2332 Ubi
460 2281 541 2331 vero
567 2261 701 2349 poetria
727 2261 909 2351 pulchrum
937 2260 1108 2350 quendam
1148 2262 1305 2333 iuvenem
1344 2260 1540 2353 alloquitur,
1580 2284 1619 2332 ea

364 2393 472 2465 verba
499 2393 541 2465 ad
570 2394 675 2464 aliurn
701 2393 879 2484 quendam'
912 2394 961 2465 ab
985 2395 1183 2480 hominibus
1208 2395 1372 2467 litteratis
1410 2397 1617 2488 referuntur,

365 2532 405 2597 ut
417 2527 505 2616 frag.
524 2531 580 2618 29,
608 2526 698 2618 quod
724 2550 830 2617 supra
857 2549 933 2598 cunr
959 2527 1111 2618 Berglrio
1138 2527 1179 2598 de
1193 2528 1333 2601 Phaone
1354 2528 1488 2600 dictum
1515 2537 1550 2601 et
1575 2531 1619 2601 ab

366 2657 491 2732 Ovidio
518 2660 686 2731 imitando
712 2682 911 2750 expressum
936 2682 1011 2732 esse
1037 2661 1259 2750 ostendimus
1301 2662 1454 2734 Schoene
1479 2663 1500 2731 l.
1529 2662 1551 2732 l.
1579 2685 1610 2752 p.

294 2783 297 2787 ’
367 2787 437 2854 742
465 2783 508 2854 ad
535 2784 724 2854 Larichum
750 2787 905 2874 poetriae
930 2785 1073 2856 fratrem
1099 2792 1256 2875 spectare
1282 2792 1382 2874 putat
1398 2786 1469 2878 aa),

465 2917 561 3006 Quae
587 2917 816 2986 recentiorum
843 2917 1016 2988 sententia
1042 2916 1159 2988 multis
1186 2916 1384 2987 nominibus
1417 2919 1616 3007 impugnari

365 3055 399 3120 et
423 3050 627 3122 labefactari
653 3072 754 3141 posse
780 3051 879 3122 nobis
905 3050 1054 3122 videtur.
1095 3051 1249 3120 Primum
1275 3051 1366 3121 enim
1392 3048 1484 3142 quod
1510 3051 1554 3123 ad
1582 3051 1616 3122 id

365 3185 492 3254 attinet
529 3184 682 3254 Phaonis
722 3206 845 3255 nomen
887 3186 922 3255 in
962 3185 1122 3274 Sapphus
1161 3184 1366 3272 fragmentis
1406 3183 1509 3255 hodie
1547 3206 1616 3256 non

327 3291 330 3298 ¹
364 3321 511 3406 exstare,
539 3305 603 3386 hoc
628 3316 718 3388 forte
743 3315 898 3388 accidere
924 3318 1048 3405 potuit,
1075 3339 1155 3386 nam
1176 3315 1328 3409 Bathylli
1343 3337 1488 3408 quoque,
1515 3318 1616 3407 pueri

364 3448 408 3519 ab
434 3449 654 3521 Anacreonte
678 3453 795 3540 amati,
823 3472 946 3521 nomen
973 3452 1010 3521 in
1037 3451 1141 3520 huius
1169 3451 1374 3539 fragmentis
1394 3472 1463 3523 non
1477 3457 1616 3522 exstans

364 3581 408 3652 ab
435 3584 676 3673 antiquissimo
703 3590 791 3656 teste
816 3584 961 3655 Horatio
987 3582 1096 3673 Epod.
1112 3583 1206 3673 XIV,
1222 3587 1242 3653 9
1258 3591 1433 3658 servatum
1448 3593 1501 3656 est
1518 3586 1613 3675 aaa),

363 3736 475 3807 neque
500 3720 681 3809 quisquam
701 3740 860 3808 wunquam
899 3717 941 3789 de
967 3739 1005 3789 eo
1032 3717 1215 3789 dubitavit.
1259 3719 1367 3790 Porro
1393 3718 1507 3812 Lycus
1533 3742 1616 3811 quo-

363 3871 430 3941 que
455 3851 586 3943 Alcaei,
614 3873 715 3942 quem
751 3874 771 3922 a
796 3858 898 3941 poeta
937 3851 1162 3926 celebratum,
1186 3871 1260 3922 esse
1292 3851 1460 3923 Horatius
1499 3850 1614 3924 Carm.

471 4109 540 4175 Ἣ.
561 4111 587 4167 0.
607 4111 633 4167 o.
654 4111 766 4166 liiilleri
785 4109 947 4166 (ieschiohte
975 4109 1024 4164 der
1042 4109 1146 4176 griech.
1174 4109 1241 4164 nitt.
1271 4108 1311 4164 ed.
1331 4111 1357 4178 4,
1377 4110 1398 4164 t.
1417 4110 1431 4164 Ι
1449 4124 1476 4178 p.
1497 4110 1547 4166 291
1568 4123 1616 4180 sq,

364 4199 446 4255 lloclr.
467 4202 485 4255 l.
506 4202 525 4256 l.
545 4201 658 4269 passim,
677 4200 779 4267 blech,
800 4200 848 4264 qui
867 4199 964 4256 dhron.
984 4200 1045 4254 Par.
1065 4213 1090 4266 p.
1104 4200 1209 4254 18ann.
1230 4198 1299 4254 adv.
1315 4191 1438 4278 blhae'c3
1459 4199 1613 4254 ‹Phaoni-

362 4289 598 4354 inqnit-nnllmn
618 4289 691 4358 apud
710 4289 880 4354 antiquiores
900 4291 990 4343 locum
1009 4287 1095 4342 fuisse
1115 4289 1249 4358 constat»,
1269 4287 1348 4358 alios3
1376 4288 1410 4342 cf.
1430 4287 1507 4341 infra
1526 4302 1552 4355 p.
1573 4289 1615 4344 93.

362 4379 544 4448 Comparettii
562 4381 783 4434 lucubrationem
797 4379 883 4434 «Saffo
903 4393 916 4432 e
936 4379 1024 4432 laone
1044 4377 1155 4433 dinanzi
1173 4379 1231 4432 alla
1251 4377 1352 4431 critica
1371 4377 1472 4430 storia»
1484 4377 1615 4447 (hirenae,

364 4469 442 4534 1876)
460 4483 514 4523 non
533 4470 712 4538 inspeximus.

468 4558 505 4624 **)
522 4560 611 4626 Bergk
630 4559 682 4613 hoc
702 4573 786 4613 unum
805 4559 876 4626 frag.
906 4561 938 4614 29
957 4560 1029 4624 (coll.
1052 4559 1112 4622 mo)
1140 4557 1174 4612 ad
1194 4557 1330 4612 Phaonem
1355 4558 1481 4625 spectaro
1504 4557 1614 4627 statuit3

361 4663 410 4702 nos
430 4650 521 4704 autem
541 4649 701 4704 Ouidianam
721 4649 867 4716 epistulam
888 4648 1060 4716 potissimum
1080 4647 1166 4700 secuti
1184 4646 1254 4699 haec
1272 4647 1394 4701 frustula
1411 4645 1613 4714 acuminibus,

361 4753 431 4805 quae
451 4740 486 4794 ad
505 4739 641 4794 Phaonem
660 4738 864 4814 referebantur,
884 4737 967 4791 ducta
987 4752 1044 4790 osse
1064 4750 1211 4790 censemus:
1230 4736 1322 4802 fragg.
1343 4736 1457 4806 21-233
1478 4723 1614 4805 1103115ss

363 4831 423 4899 1263
443 4842 476 4883 ex
496 4828 635 4897 adespotis
654 4842 719 4883 vero
739 4829 772 4884 56
791 4828 822 4896 A,
841 4826 869 4897 Β;
890 4827 932 4882 76.
952 4826 988 4881 De
1007 4826 1079 4892 frag.
1100 4826 1134 4883 75
1154 4839 1178 4880 v.
1198 4825 1275 4879 infra
1294 4841 1319 4894 p.
1340 4823 1405 4890 73‘o.

438 4915 489 4983 m)
509 4915 585 4971 «lion
602 4916 689 4971 alitor
710 4917 801 4973 Samio
821 4914 917 4970 dicunt
935 4915 1036 4970 arsisse
1054 4914 1186 4982 Bathyllo

574 5007 749 5063 Anacreonta
769 5007 889 5063 hoium».
