3804 5786
797 465 993 534 ..79-

195 763 200 790 ¹
268 711 342 763 esse
367 692 590 783 arbitramur,
616 691 685 785 'quo
711 700 865 766 nostram
892 694 1127 767 coniecturam
1152 691 1306 784 undique
1340 689 1520 764 confirma-

268 832 339 898 tam
369 849 475 920 eoque
500 827 569 899 fide
597 828 790 919 digniorem
815 825 1010 902 reddamus.
1052 827 1199 902 Constat
1235 829 1326 899 enim
1352 828 1521 918 poetriam

268 983 338 1034 non
363 961 475 1035 solum
500 965 695 1056 verborum,
722 964 781 1035 sed
809 965 913 1037 etiam
939 965 1141 1037 harmoniae
1166 945 1379 1036 novatricem
1402 961 1518 1052 luisse,

268 1102 303 1167 et
328 1095 552 1192 mixolydium
590 1087 680 1190 quod
708 1083 849 1172 dicitur‘
879 1099 946 1192 (cd
985 1087 1281 1193 μιξολυδιστὶ)
1317 1094 1520 1168 harmoniae

267 1251 377 1320 genus
403 1203 589 1323 invenisse,
617 1232 708 1324 quod
734 1233 964 1305 Aristoxenus
991 1233 1050 1304 ille
1076 1233 1227 1304 musicus
1253 1229 1402 1320 scriptor
1427 1203 1519 1319 apud

267 1365 493 1440 Plutarchum
520 1368 562 1440 de
588 1389 673 1440 mus.
691 1390 718 1440 c.
737 1371 780 1440 16
795 1373 944 1440 testatur
962 1368 1008 1458 *).
1037 1367 1147 1458 Quam
1167 1365 1385 1437 harmoniam
1399 1385 1520 1456 quam-

267 1523 370 1593 quam
396 1502 488 1576 idem
514 1503 665 1592 scriptor
689 1501 826 1575 ibidem.
856 1525 883 1574 c.
916 1506 957 1572 15
985 1479 1005 1574 a
1030 1498 1233 1594 Pythoclide
1252 1499 1430 1570 inventam
1444 1517 1520 1567 esse

267 1635 432 1708 statuisse
456 1635 650 1728 videbatur,
690 1643 806 1708 tamen
843 1635 1053 1727 Westphalii
1091 1632 1192 1706 docta
1226 1631 1450 1724 diquisitione
1463 1631 1516 1723 aa)

268 1769 487 1862 Sapphonem
503 1745 508 1757 ¹
526 1771 586 1843 illa
622 1769 725 1843 laude
763 1791 833 1842 non
871 1767 1076 1859 privandam
1125 1787 1200 1838 esse
1237 1765 1350 1838 edocti
1388 1785 1518 1835 sumus.

267 1903 478 1998 Mixolydiae
502 1895 616 1977 autem
644 1888 847 1976 harmoniae
871 1903 1050 1993 proprium
1076 1897 1216 1990 πάθος
1229 1900 1306 1990 fuit,
1334 1904 1374 1970 ut
1399 1920 1417 1969 e
1443 1919 1519 1971 ver-

267 2039 321 2110 bis
346 2039 439 2136 infra
463 2037 590 2129 allatis,
630 2037 755 2129 quibus
794 2037 862 2108 alia
903 2042 1058 2138 veterum
1097 2034 1295 2107 testimonia
1332 2031 1415 2104 addi
1440 2052 1518 2122 pos·
1608 2019 1610 2024 ’

268 2174 447 2263 sunam),
487 2173 575 2244 satis
615 2192 786 2263 superque
824 2170 1000 2259 cognitum
1038 2168 1215 2240 habemus.
1252 2165 1340 2239 Cum
1366 2187 1448 2239 vero
1474 2164 1518 2237 ad

268 2307 411 2380 affectus
437 2306 626 2379 concitatos
643 2304 878 2396 ,turbidasque
905 2302 1145 2395 exprimendos
1171 2323 1241 2374 non
1265 2299 1384 2374 sedata
1403 2300 1519 2391 gravi-

268 2464 344 2534 que,
371 2442 431 2515 sed
458 2449 561 2514 acuta
587 2448 621 2514 et
647 2442 790 2512 clara
815 2461 898 2512 voce
924 2438 975 2510 uti
989 2438 1170 2528 soleamus,
1196 2436 1351 2529 poetriae
1364 2436 1424 2526 ita,
1450 2436 1473 2506 i.
1489 2455 1517 2506 e.

270 2585 331 2652 σα
345 2599 377 2674 φ
392 2581 424 2649 a]
440 2600 469 2669 ς,
496 2577 635 2648 canenti
652 2575 840 2674 Σααφοα
844 2596 861 2660 ς
875 2595 1000 2645 nomen
1014 2571 1165 2646 inditum
1177 2571 1346 2664 est****).
1363 2571 1518 2661 Quocum

266 2712 441 2787 commode
467 2713 616 2784 conferri
641 2716 755 2802 potest
780 2709 1016 2783 Stesichorum
1029 2729 1163 2802 quoque
1187 2704 1388 2807 αχόροας
1402 2701 1518 2778 toro-

266 2868 330 2922 ναι
357 2869 482 2921 nomen
507 2847 690 2937 accepisse.

363 2983 496 3074 Quibus
523 2982 684 3072 Sapphus
710 2979 860 3051 nominis
893 3000 934 3051 aa
959 2978 1011 3052 vis
1037 2984 1142 3069 utque
1169 2976 1391 3068 significatio,
1415 2997 1517 3070 quam

266 3138 329 3190 nos
356 3118 554 3206 statuimus,
582 3113 745 3187 nonnihil
771 3109 910 3184 defendi
935 3118 1058 3202 potest.
1102 3189 1103 3192 ,

372 3385 396 3456 ἰ
420 3374 636 3463 Ἀριστόξενος
659 3383 781 3462 cappa
804 3375 967 3462 Σαπφώ
999 3375 1172 3462 πρώτην
1196 3369 1414 3461 εὕρασθαι
1440 3377 1517 3458 τήν

265 3483 569 3571 μιξολυδιστὶ,
604 3481 682 3574 παρ’
703 3492 705 3496 ’
728 3471 764 3568 ἧς
808 3482 882 3562 τούς
915 3486 1170 3568 τραγῳδοποιούς
1201 3482 1339 3568 passaw·
1360 3480 1518 3577 λαβόντας

264 3596 341 3680 γοῦν
365 3589 486 3671 αὐτούς
509 3596 659 3676 συζεῦξαι
683 3597 722 3678 τῇ
742 3591 880 3677 δωριστί·
905 3587 974 3657 ἐπεὶ
998 3589 1020 3674 ή
1044 3593 1102 3676 μέν
1139 3589 1178 3654 τὸ
1202 3591 1443 3677 μεγαλοπρεπὲς
1465 3597 1518 3654 και

264 3701 486 3788 ἀξιωματικόν,
522 3701 544 3784 ἤ
579 3701 632 3768 δέ
667 3703 716 3767 cd
742 3695 1025 3786 παθητικόν·
1062 3703 1210 3786 μέμικται
1246 3703 1285 3764 δι’
1308 3698 1364 3764 aad
1398 3699 1516 3766 τούτων

265 3809 435 3896 τραγῳδία.

360 3933 397 4002 **)
414 3935 443 3990 V.
464 3935 523 3990 eins
544 3935 607 3990 «nie
626 3935 716 3990 liusilr
736 3935 783 3991 des
802 3936 905 4004 grieob.
925 3937 1113 3993 Altertbums»
1134 3950 1179 4006 pp.
1201 3937 1260 4006 152,
1281 3937 1338 3992 175.
1372 3986 1376 3990 ,

346 4022 398 4091 m)
415 4025 460 4080 Ita
479 4025 537 4080 iam
554 4025 634 4080 Plato
653 4024 687 4081 de
705 4027 813 4094 republ.
833 4028 875 4082 111
893 4041 919 4096 p.
937 4027 988 4084 398
1007 4027 1042 4084 ll:
1057 4028 1144 4102 Τίνες
1167 4005 1234 4098 οὖν,
1253 4021 1517 4110 inrntoppvd-

265 4118 356 4193 ang
377 4111 534 4200 decorior
560 4115 875 4194 Μιξολυδιστί.
900 4137 933 4191 m
951 4135 1114 4191 nastasia
1140 4133 1221 4190 roro.
1240 4132 1272 4204 v,
1295 4135 1310 4191 a
1337 4135 1373 4202 (p.
1395 4133 1462 4190 raro
1483 4134 1517 4199 as·

265 4222 442 4300 ἀκούοντας
463 4220 671 4289 διατίθεσθαι
687 4273 718 4290 ..
745 4223 825 4306 πρός
847 4227 904 4310 μέν
933 4219 1014 4301 ἐνίας
1042 4224 1213 4310 (ἁρμονίας)
1237 4224 1518 4308 ὀδυρτικωτέ-

265 4350 340 4415 ρως
375 4331 445 4398 καὶ
480 4334 808 4417 συνεστηκότας
844 4335 1020 4419 μᾶλλον,
1047 4325 1116 4396 ὀἷον
1140 4321 1225 4416 πρῖς
1259 4329 1319 4412 τήν
1344 4329 1517 4414 μιξολυ-

265 4437 391 4505 διστὶ
414 4442 620 4526 καλουμένην,
654 4444 751 4510 Itaque
778 4442 909 4498 Horatius
937 4442 1039 4512 optime
1065 4441 1101 4522 de
1130 4439 1275 4510 Sapphone
1307 4437 1398 4493 dicere
1425 4434 1518 4506 potnit

265 4546 363 4615 (darm.
382 4549 419 4617 II,
440 4550 482 4620 13,
503 4551 553 4616 lot:
581 4583 586 4594 ι

297 4633 304 4642 ”
480 4639 716 4722 hoerentem
735 4641 845 4713 sappho
864 4641 966 4711 puellis
985 4640 1018 4697 de
1037 4641 1226 4711 popularibus.

329 4727 394 4796 ****)
411 4731 506 4796 Itaque
525 4731 754 4801 rectethappell
781 4733 951 4800 hngloraxus
979 4731 1174 4788 aWhartonio
1192 4732 1212 4788 1.
1232 4745 1254 4788 c.
1273 4746 1300 4801 p.
1329 4731 1362 4788 la
1387 4729 1517 4786 laudatus

265 4820 342 4876 haec:
364 4819 441 4892 «She,
461 4820 561 4892 inquit,
586 4835 654 4889 sang
672 4823 760 4890 sorny
780 4823 834 4877 and
853 4820 1023 4892 plaintively
1051 4821 1104 4877 and
1124 4823 1154 4878 at
1185 4837 1202 4876 a
1228 4819 1374 4888 higher
1401 4820 1516 4890 pitch

266 4911 336 4968 than
355 4927 411 4982 any
431 4912 461 4967 of
477 4911 527 4969 her·
546 4912 758 4981 predecessors».
