3804 5786
894 409 1088 488 ...82-

362 643 483 723 domus
508 670 530 722 a
551 648 687 741 poetria
711 647 801 738 frag.
832 651 900 720 136
930 641 1336 746 μουσοπόλων
1364 642 1477 720 οἰκία
1493 645 1621 737 optImo

361 772 443 857 inre
466 781 637 874 appellari
663 781 788 872 potuit.

466 917 628 992 Ceterum
658 916 821 991 Cercolae
846 937 971 990 nomen
997 937 1042 989 ne
1067 916 1171 990 semel
1210 915 1349 1008 quidem
1388 916 1426 988 in
1452 913 1621 989 comoedi·

365 1073 477 1144 arum,
516 1073 605 1144 quae
642 1050 687 1125 ad
714 1051 933 1143 Sapphonem
972 1052 1160 1143 pertinent,
1200 1051 1404 1142 fragmentis
1430 1049 1619 1139 invenitur,

365 1192 403 1260 at
426 1207 497 1259 nno
521 1184 596 1259 loco
620 1205 698 1258 mea
723 1181 863 1276 quidem
888 1185 1062 1257 sententia
1088 1184 1239 1256 comicus
1264 1190 1367 1275 poeta
1402 1183 1446 1256 ad
1472 1182 1508 1254 id
1533 1184 1620 1258 allu-

362 1317 446 1392 dere
470 1315 619 1391 videtur.
645 1317 688 1390 In
715 1315 818 1390 unico
845 1318 938 1389 enim
964 1315 1158 1406 fragmenta
1185 1337 1227 1388 ex
1240 1315 1412 1390 Timnclea
1435 1316 1621 1410 Sapphone

362 1453 407 1527 ab
434 1453 617 1527 Athenaeo
643 1451 730 1525 VIII
755 1475 789 1544 p.
818 1455 888 1524 339
916 1453 949 1522 A
975 1458 1111 1526 servato
1141 1453 1186 1544 (v.
1215 1451 1369 1526 Meineh.
1395 1451 1418 1524 l.
1433 1452 1456 1523 l.
1483 1453 1549 1526 vol.
1567 1451 1619 1527 Ill

362 1608 396 1678 p.
425 1589 510 1682 610)
539 1587 625 1661 haec
648 1586 808 1679 legimus:

509 1719 554 1793 Ὀ
580 1710 793 1812 Μισγόλας
820 1720 880 1796 ον’
906 1717 1129 1822 προσιέναι
1157 1729 1224 1797 σοι
1250 1723 1444 1819 φαίνεται

482 1865 485 1871 ’
513 1853 698 1932 dodorim
731 1863 827 1946 retr
854 1855 1005 1933 νέοισιν
1032 1852 1308 1966 ἠρεθισμένος.

364 1989 461 2082 Quae
486 1989 594 2064 verba
618 1989 664 2065 ad
694 1989 915 2083 Sapphonem
941 1989 1035 2066 dicta
1061 2013 1136 2066 esse
1161 1991 1335 2085 videntur,
1368 2000 1409 2067 ut
1433 1991 1504 2065 ianr
1529 1991 1619 2064 Mei-

363 2122 453 2197 nehe
477 2122 499 2195 l.
527 2122 550 2195 l.
577 2129 672 2197 recte
697 2124 878 2197 intellexit.
907 2125 1074 2199 Attamen
1100 2127 1291 2218 quaeritur,
1318 2122 1403 2219 quid
1423 2125 1617 2199 commercii
1700 2173 1702 2176 -

364 2257 536 2351 Misgolae
575 2257 769 2354 Colyttensi
806 2279 883 2331 cum
924 2258 1109 2351 Sapphone
1146 2259 1265 2351 fuerit,
1305 2281 1407 2352 quem
1432 2257 1617 2333 Aeschinis

362 2394 510 2469 oratoris
548 2392 728 2508 aequalem
764 2391 873 2465 fuisse
911 2383 953 2464 ex
991 2392 1149 2483 plmibus
1186 2391 1271 2466 locis
1303 2390 1457 2466 eiusdem
1496 2397 1617 2468 contra

362 2528 588 2602 Timarchum
615 2526 783 2601 orationis
820 2535 1033 2618 compertum
1071 2527 1257 2601 habemus?
1270 2528 1305 2621 a)
1344 2525 1508 2619 Diphilus
1534 2547 1618 2603 sane

363 2662 546 2736 Athenaeo
570 2666 662 2734 teste
688 2659 788 2752 (XIII
813 2681 846 2752 p.
877 2664 946 2734 599
973 2658 1017 2752 D,
1055 2684 1088 2734 v.
1116 2661 1270 2735 Meineh.
1309 2660 1331 2732 l.
1357 2660 1380 2733 l.
1407 2662 1474 2735 vol.
1507 2661 1558 2734 IV
1582 2684 1616 2754 p.

363 2798 451 2891 499)
477 2795 515 2869 in
541 2794 727 2887 comoedia,
753 2816 844 2886 quae
869 2794 1030 2887 Sapphus
1068 2795 1206 2869 nomine
1231 2796 1400 2888 inscripta
1426 2803 1512 2889 erat,
1551 2797 1617 2870 Ar-

300 2945 304 2952 ’
364 2928 560 3005 chiloehum
587 2927 908 3021 Hipponactemqne
933 2907 1113 3019 tamquam
1138 2929 1294 3021 poetriae
1318 2934 1490 3003 amatores
1516 2928 1617 3004 indu-

362 3069 474 3158 xerat,
501 3085 602 3157 qnem
628 3063 934 3137 anachronismum
959 3063 1193 3136 Athenienses
1218 3063 1320 3136 facile
1345 3063 1377 3136 ei
1403 3021 1617 3139 cbndonave

366 3204 462 3292 runt,
478 3189 566 3272 ¹cum
591 3197 629 3270 in
655 3198 729 3270 eius
754 3197 893 3288 generis
929 3196 1014 3271 iocis
1053 3195 1263 3271 calculorum
1297 3197 1616 3290 chronologicarum

368 3331 535 3407 acribiam
561 3333 703 3405 minime
729 3332 908 3422 exigerent
934 3338 969 3403 et
994 3337 1140 3434 uterque
1164 3337 1268 3423 poeta
1302 3352 1380 3404 cum
1404 3331 1616 3424 temporibus

366 3476 440 3545 tum
465 3470 591 3562 patria
609 3489 680 3540 non
705 3472 841 3540 tantum
882 3487 903 3538 a
929 3465 1115 3558 Sapphone
1152 3473 1304 3541 remotus
1331 3472 1432 3560 esset,
1466 3474 1506 3541 ut
1530 3465 1616 3540 Mis-

365 3594 472 3700 gnlas.
501 3603 649 3678 Constat
674 3608 790 3675 autem
816 3601 962 3674 comicos
1000 3607 1121 3692 poetes
1154 3623 1404 3693 nonnunquam
1436 3623 1499 3694 pro
1524 3602 1616 3676 veris

366 3738 564 3814 nominibus
602 3735 672 3811 alia
712 3735 945 3823 substituisse,
985 3757 1076 3827 quae
1114 3736 1273 3809 similiter
1310 3735 1538 3828 incipiebant
1561 3733 1616 3809 vel

365 3872 526 3949 similiter
551 3870 768 3960 desinebant,
795 3874 836 3942 ut
861 3869 1115 3962 Aristophanes
1140 3869 1229 3944 Rau.
1256 3893 1289 3943 v.
1303 3874 1375 3944 429
1390 3893 1454 3963 pro
1467 3871 1616 3946 Ἵππο-

366 4005 490 4082 νέκον
515 3999 636 4077 eadem
660 4000 756 4074 vocis
781 4020 945 4098 mensuro
970 4006 1113 4074 seruata·
1134 3999 1396 4093 Ἱπποβίνου
1415 4004 1532 4096 posuit
1547 4004 1614 4099 **).

472 4245 554 4314 por.
572 4245 587 4315 5
605 4247 649 4303 49:
668 4246 817 4328 τυγχάνει
841 4245 1006 4328 ἡλικιώτης
1028 4236 1068 4310 ὢν
1092 4240 1165 4329 ε’μός
1176 4245 1228 4312 καί
1243 4249 1421 4336 συνέφηβος.
1443 4251 1480 4306 llo
1491 4249 1616 4324 llisgola,

367 4337 508 4396 'limarehi
526 4335 659 4405 amatore,
679 4334 739 4403 agit
757 4334 882 4390 leschin.
912 4334 979 4391 ibid.
1008 4335 1037 4405 §S
1055 4337 1172 4407 til-5&
1201 4351 1261 4394 enm
1279 4340 1392 4408 praeter
1417 4339 1563 4396 limoolam
1582 4343 1616 4397 ab

366 4427 431 4486 aliis
449 4439 554 4493 quoqne
573 4423 684 4479 comicis
703 4421 855 4492 perfricari
874 4423 987 4479 solitum
1005 4436 1071 4494 esse,
1100 4425 1132 4478 nt
1150 4425 1185 4479 ab
1204 4425 1370 4497 Antiphane,
1402 4427 1481 4484 docet
1498 4427 1615 4485 lleinch.

365 4520 424 4578 1.1.
444 4517 498 4574 vol.
517 4517 532 4573 Ι
549 4529 576 4584 p.
601 4514 732 4586 3863111,
751 4527 778 4582 p.
799 4513 855 4570 13..

462 4604 500 4676 ”l
517 4605 581 4662 Alia
600 4600 732 4660 eiusmodi
750 4602 952 4672 Aristophanen
972 4604 1099 4672 exempla
1115 4605 1188 4661 sunt:
1207 4605 1276 4663 hub.
1297 4620 1322 4663 ν.
1334 4608 1395 4679 llil,
1414 4607 1462 4663 ubi
1480 4631 1500 4672 κ
1512 4610 1531 4672 ό
1544 4628 1617 4695 ρης

366 4695 506 4769 appellati
523 4694 589 4750 sunt
607 4694 811 4779 Κορίνθιαι

580 4796 733 4867 δάκνουσί
756 4800 788 4885 p?
809 4795 992 4885 ἐξέρποντες
1013 4794 1042 4863 oi
1066 4797 1241 4887 Κορίνθιον.

368 4916 453 4986 Porro
462 4913 530 4998 Βνμ
542 4924 569 4968 ν.
579 4911 612 4968 89
631 4909 799 4996 μάκαρες
817 4906 922 4962 <litium
942 4908 984 4962 stt
999 4921 1059 4977 lr⁰=
1070 4909 1108 4972 Μ
1115 4931 1135 4974 ο
1150 4909 1293 4992 κεσόνες.
