3804 5786
373 1465 463 1541 (lum
488 1454 662 1542 Ovidiana
673 1466 835 1571 Sapphus
849 1465 998 1558 epistula
1017 1472 1194 1559 tamquam
1210 1473 1400 1540 veteretum
1419 1466 1527 1558 quod·
1579 1494 1581 1498 ·

274 1604 353 1678 dam
390 1603 473 1678 inde
511 1603 733 1694 aNaugeri'o
771 1603 923 1693 Egnatio
951 1600 1094 1674 Oiolanc
1127 1602 1273 1676 Heinsio
1297 1625 1360 1694 per
1384 1603 1527 1693 longum

274 1741 426 1831 spatium
463 1739 682 1832 requiescens
728 1738 928 1829 nuperrime
960 1736 1097 1810 demum
1123 1736 1167 1809 ab
1194 1737 1391 1811 hominibus
1418 1737 1528 1811 doctis

274 1876 434 1950 renovari
471 1879 592 1966 coepta
628 1875 686 1966 sit,
726 1874 869 1946 minime
908 1874 1038 1945 mirum
1076 1880 1139 1965 est,
1173 1875 1203 1945 si
1229 1895 1338 1967 usque
1364 1873 1409 1948 ad
1435 1875 1530 1948 hunc
1645 1849 1660 1874 '

275 2009 366 2083 diem
391 2010 575 2084 nonnullos
600 2011 692 2084 laces
719 2009 890 2102 exhibeat,
918 2011 977 2103 qui
991 2016 1066 2083 arte
1081 2011 1203 2082 critica
1228 2008 1388 2082 adhibita
1413 2031 1527 2082 emen-

275 2143 351 2217 dari
376 2151 439 2218 aut
461 2145 658 2217 accuratius
683 2143 886 2235 explicando
913 2141 1050 2216 delendi
1075 2144 1220 2234 possint.
1247 2143 1438 2236 Equorum
1463 2165 1530 2216 nu-

274 2299 369 2350 mero
393 2299 435 2350 ea
459 2299 547 2370 quae
584 2277 684 2350 nobis
720 2278 759 2350 in
797 2277 997 2360 tractanda
1019 2278 1168 2369 epistula
1207 2286 1434 2351 occurrerunt
1465 2299 1530 2350 nec

274 2409 601 2484 verisimilitudine
638 2431 782 2503 prorsus
814 2410 981 2484 destituta
1015 2433 1090 2483 esse
1118 2410 1314 2505 videantur,
1355 2411 1529 2485 adfinem

275 2545 382 2619 libelli
408 2547 535 2618 reiecta
559 2544 685 2618 addere
709 2566 780 2618 nen
806 2565 1099 2636 supervacaneum
1125 2567 1200 2617 esse
1227 2547 1435 2638 censuimus
1462 2547 1530 2618 im·-
1595 2514 1597 2522 A

276 2682 399 2773 primis
427 2685 506 2754 eum
529 2682 574 2752 iis
600 2679 715 2754 allatis
746 2679 906 2770 scrupuli·
927 2677 1069 2772 quidam
1106 2680 1359 2754 recentioribus
1389 2678 1431 2754 de
1457 2683 1529 2772 epi-

278 2813 390 2884 stulae
415 2813 552 2902 origine
568 2811 697 2885 iniecti
722 2831 885 2901 magnam
918 2817 1053 2902 partem
1079 2812 1183 2884 eximi
1208 2833 1309 2904 posse
1333 2811 1529 2886 videantur.

178 3014 180 3018 ,
282 2945 356 3018 Iam
383 2947 493 3036 igitur
520 2945 564 3019 ad
591 2945 627 3018 id
654 2945 745 3038 quod
772 2948 986 3038 suscepimus
1012 2945 1267 3038 aggrediamur.
1299 2947 1300 2952 ’
