3804 5786
882 405 1082 540 qn-

357 693 391 772 oi
418 696 598 798 Σμίνθιε
626 696 694 776 καὶ
710 696 869 792 Πύθιε,
896 691 983 775 aaa
1009 703 1093 774 aori
1117 691 1208 803 γάρ
1235 695 1460 806 ἀρξάμενος·
1486 698 1511 771 ὁ
1536 685 1608 770 λό·

355 856 436 941 γος
462 828 521 924 εἰς
548 832 588 908 σε’
617 836 682 908 καὶ
709 830 964 928 naraon-riost,
992 833 1199 922 ποίαις
1238 832 1281 908 σε’
1320 841 1630 944 προσηγο-·

358 965 515 1076 piaco
541 967 1071 1081 rrpooqrde'ytoluou
1109 967 1151 1040 ol
1177 969 1254 1065 μὲν
1276 967 1319 1043 σὲ
1347 965 1518 1044 Λύκειον
1543 959 1603 1040 λε’-

362 1113 526 1198 pavore,
555 1102 596 1178 oi
610 1094 652 1178 de*
669 1094 824 1200 Δήλιον,
841 1101 881 1176 οἱ
897 1097 938 1180 di
954 1104 1186 1213 Ἀσκραῖον,
1212 1093 1338 1181 ἄλλοι
1356 1096 1398 1180 ot
1426 1097 1608 1194 Ἄκτιον,

360 1232 680 1334 Λακεδαιμόνιοι
728 1230 769 1340 de*
809 1231 1085 1333 Ἀμυκλαῖον,
1132 1239 1344 1334 Ἀθηναῖοι
1394 1241 1609 1345 πατρῷον,

359 1369 643 1482 Βραγχιάφην
671 1362 863 1467 Μιλήσιοι
882 1375 929 1468 *λ
959 1376 1067 1466 Quem
1094 1394 1194 1445 usum
1221 1394 1243 1445 a
1268 1373 1453 1464 Sapphone
1477 1393 1612 1468 quoque

359 1529 429 1581 non
454 1509 606 1582 alienum
632 1510 740 1581 fuisse
765 1507 857 1600 apud
883 1508 1031 1581 eundem
1057 1508 1231 1580 rhetorem
1251 1506 1398 1598 legimus
1412 1507 1479 1599 *Ὗ
1508 1503 1611 1582 Μέτ-

359 1665 433 1750 ρον
461 1638 614 1736 μέντοι
640 1645 724 1715 τῶν
752 1631 954 1735 >chartreir
981 1633 1131 1737 ὕμνων
1158 1639 1196 1715 ἐν
1221 1641 1293 1744 μὲν
1329 1639 1493 1735 ποιήσει
1521 1639 1610 1717 ἐπι-

359 1767 925 1888 μηκέστερονλνιαμὲνγᾰρ
951 1766 1187 1852 πολλῶν
1215 1773 1412 1854 τόπων
1445 1776 1609 1866 ἐκείνοις

361 1909 596 2013 &profectio
634 1903 790 2011 παρά
829 1913 892 1998 τῇ
933 1914 1171 2009 Σαπφοῖ
1209 1911 1274 1987 καὶ
1315 1912 1378 2016 τῷ
1408 1901 1612 1987 ’Alauda

361 2035 597 2144 πολλαχοῦ
622 2045 884 2155 εϋρίσκομεν.
912 2041 986 2140 τήν
1016 2044 1090 2132 Ιιιέν
1120 2034 1204 2154 γάρ
1226 2041 1435 2147 Ἄρτεμιν
1462 2044 1504 2121 ἐκ
1529 2067 1612 2144 μν-

361 2179 462 2292 ρίων
506 2179 647 2282 ὀρέων,
688 2180 864 2281 μυρίων
905 2170 947 2254 δὲ
987 2171 1163 2269 πόλεων,
1205 2175 1272 2253 ἔτι
1318 2171 1359 2254 δὲ
1399 2180 1612 2277 ποταμοῖν

362 2304 775 2406 άνακαλεῑ,τήνὸὲ
801 2304 1156 2414 Ἀφροδίτην
1198 2309 1467 2409 Κύπρου,
1495 2313 1612 2388 Κνί-

362 2439 481 2543 dov,
534 2449 771 2557 Συρίας,
823 2439 1207 2547 πολλαχόθεν
1265 2439 1611 2547 ἀλλαχόθεν

320 2593 324 2600 ’
362 2582 461 2657 riou
476 2606 497 2656 κ
511 2571 651 2657 αλεῑ.
678 2585 772 2657 Fieri
797 2585 922 2676 potuit,
949 2589 989 2657 ut
1015 2581 1139 2658 Ovidio
1165 2606 1301 2677 quoque
1326 2585 1486 2676 Sapphus
1514 2585 1612 2657 invo-

363 2721 531 2792 catorium
558 2739 699 2792 carmen
724 2714 895 2812 quoddam
921 2720 1176 2811 obversaretur,
1204 2741 1281 2792 cum
1309 2742 1341 2791 ν.
1371 2724 1415 2792 57
1432 2719 1612 2794 scriberet:

515 2851 1129 2946 „Tuquoqueouaemontes
1168 2851 1417 2946 celebras
1445 2853 1618 2948 Eryci-

1264 2972 1334 3043 na,
1365 2951 1615 3025 Sicanos“.

462 3084 550 3158 Cum
576 3085 695 3175 igitur,
722 3077 762 3157 ut
787 3084 948 3176 vidimus
974 3086 1129 3157 narratio
1155 3083 1199 3156 de
1223 3085 1378 3175 poetriae
1403 3086 1441 3158 in
1463 3085 1617 3159 Siciliam

362 3221 446 3309 fuga
473 3218 517 3291 ad
544 3219 613 3291 alia
638 3218 805 3291 eiusmodi
831 3226 986 3291 veterum
1013 3224 1205 3291 commenta
1230 3218 1353 3291 referri
1390 3240 1490 3310 posse
1522 3218 1617 3293 vide

364 3359 455 3444 atur⁷
482 3353 734 3426 Phaonem
760 3355 924 3444 ipsum
949 3354 1000 3424 in
1026 3352 1267 3426 Siciliam
1299 3353 1616 3444 profugisse,

364 3486 455 3579 quod
493 3487 592 3559 nobis
631 3487 791 3578 Sapphus
831 3487 979 3576 epistula
1018 3493 1178 3577 testatur,
1221 3509 1291 3559 non
1330 3494 1383 3558 est
1408 3486 1616 3576 negandum.

361 3620 437 3694 Iam
461 3623 650 3713 quaeritur,
676 3611 845 3712 quaenam
872 3643 975 3693 causa
988 3643 1067 3692 eum
1091 3620 1135 3693 ad
1160 3620 1362 3711 fugiendum
1387 3622 1614 3713 permoverit?

365 3755 419 3828 Ex
446 3757 615 3847 epistulae
639 3779 671 3828 v.
703 3761 770 3828 145
800 3755 1038 3845 cognoscimus
1064 3755 1187 3828 silvam
1213 3749 1302 3847 quae
1338 3756 1536 3828 amantibus
1564 3777 1619 3827 re-

363 3892 497 3982 fugium
523 3891 688 3980 praehere
714 3889 855 3981 solebat,
897 3888 1050 3961 Phaonis
1089 3890 1206 3978 fuisse3
1247 3911 1289 3961 ex
1315 3909 1383 3981 quo
1416 3889 1619 3961 concludere

364 4024 447 4095 licet
484 4045 562 4095 eum
600 3990 728 4095 unum'
746 4045 787 4094 ex
814 4023 981 4097 divitibus
1021 4023 1315 4117 llitylenensihus
1342 4025 1475 4097 civibus
1500 4025 1617 4096 fuisse.

364 4161 614 4233 Intestinorum
628 4137 755 4231 'autem
781 4159 949 4232 bellorum
975 4167 1140 4251 tempore,
1180 4162 1305 4252 quihus
1332 4163 1400 4233 iam
1436 4169 1509 4233 tum
1535 4162 1619 4234 Les-

364 4295 440 4366 bias
466 4294 568 4365 urbes
593 4293 768 4365 lahorasse
795 4315 836 4365 ex
864 4293 982 4365 Alcaei
1008 4295 1082 4366 vita
1097 4295 1274 4383 cognitum
1296 4295 1474 4386 habemus⁷
1502 4316 1619 4366 rerum

365 4432 460 4499 statu
484 4433 626 4518 repente
653 4432 784 4499 mutato
810 4424 886 4498 lieri
911 4428 1035 4518 potuit,
1063 4433 1103 4498 ut
1130 4428 1251 4499 Phaon
1277 4434 1421 4518 propter
1435 4428 1619 4500 imminens

474 4756 582 4822 hvide
602 4758 727 4826 Spengel.
748 4756 840 4812 Rhett.
862 4770 953 4826 graec.
973 4758 1001 4812 l.
1022 4757 1064 4812 ΙΙΙ
1082 4771 1109 4834 p.
1129 4757 1190 4820 445,

463 4845 500 4920 ”)
521 4845 590 4902 Ibid.
610 4861 636 4928 p.
657 4847 716 4913 334.
