<?xml version="1.0" encoding="UTF-8"?>
<!DOCTYPE html PUBLIC "-//W3C//DTD XHTML 1.0 Transitional//EN"
    "http://www.w3.org/TR/xhtml1/DTD/xhtml1-transitional.dtd">
<html xmlns="http://www.w3.org/1999/xhtml" xml:lang="en" lang="en">
 <head>
  <title>
</title>
<meta http-equiv="Content-Type" content="text/html;charset=utf-8" />
  <meta name='ocr-system' content='tesseract 3.04.00' />
  <meta name='ocr-capabilities' content='ocr_page ocr_carea ocr_par ocr_line ocrx_word'/>
</head>
<body>
  <div class='ocr_page' id='page_1' title='image "./quaestionessapp00lugoog_0055.png"; bbox 0 0 3822 5758; ppageno 0'>
   <div class='ocr_carea' id='block_1_1' title="bbox 874 415 1072 489">
    <p class='ocr_par' dir='ltr' id='par_1_1' title="bbox 874 415 1072 489">
     <span class='ocr_line' id='line_1_1' title="bbox 874 415 1072 489; baseline 0 -19"><span class='ocrx_word' id='word_1_1' title='bbox 874 415 1072 489; x_wconf 77' lang='lat'>..42-</span> 
     </span>
    </p>
   </div>
   <div class='ocr_carea' id='block_1_2' title="bbox 342 635 1676 3827">
    <p class='ocr_par' dir='ltr' id='par_1_2' title="bbox 342 635 1676 3827">
     <span class='ocr_line' id='line_1_2' title="bbox 347 635 1597 740; baseline 0.013 -34"><span class='ocrx_word' id='word_1_2' title='bbox 347 635 500 708; x_wconf 92' lang='lat' dir='ltr'>nondum</span> <span class='ocrx_word' id='word_1_3' title='bbox 527 646 720 732; x_wconf 92' lang='lat' dir='ltr'>temporum</span> <span class='ocrx_word' id='word_1_4' title='bbox 759 646 889 718; x_wconf 89' lang='lat' dir='ltr'>iniuria</span> <span class='ocrx_word' id='word_1_5' title='bbox 915 655 1120 740; x_wconf 89' lang='lat' dir='ltr'>consumpta</span> <span class='ocrx_word' id='word_1_6' title='bbox 1159 656 1285 740; x_wconf 89' lang='lat' dir='ltr'>essent,</span> <span class='ocrx_word' id='word_1_7' title='bbox 1325 648 1480 721; x_wconf 91' lang='lat' dir='ltr'>homines</span> <span class='ocrx_word' id='word_1_8' title='bbox 1505 647 1597 721; x_wconf 92' lang='lat' dir='ltr'>litte·</span> 
     </span>
     <span class='ocr_line' id='line_1_3' title="bbox 345 763 1676 873; baseline 0.011 -32"><span class='ocrx_word' id='word_1_9' title='bbox 345 771 424 863; x_wconf 90' lang='lat' dir='ltr'>rati,</span> <span class='ocrx_word' id='word_1_10' title='bbox 451 773 511 862; x_wconf 93' lang='lat' dir='ltr'>qui</span> <span class='ocrx_word' id='word_1_11' title='bbox 536 780 570 846; x_wconf 90' lang='lat' dir='ltr'>et</span> <span class='ocrx_word' id='word_1_12' title='bbox 594 774 756 868; x_wconf 81' lang='lat' dir='ltr'>Sapphus</span> <span class='ocrx_word' id='word_1_13' title='bbox 782 786 815 851; x_wconf 93' lang='lat' dir='ltr'>et</span> <span class='ocrx_word' id='word_1_14' title='bbox 836 763 953 852; x_wconf 86' lang='lat' dir='ltr'>Ovidii</span> <span class='ocrx_word' id='word_1_15' title='bbox 980 783 1136 854; x_wconf 89' lang='lat' dir='ltr'>carmina</span> <span class='ocrx_word' id='word_1_16' title='bbox 1160 781 1376 872; x_wconf 76' lang='lat' dir='ltr'>lectitabant,</span> <span class='ocrx_word' id='word_1_17' title='bbox 1403 803 1444 853; x_wconf 84' lang='lat' dir='ltr'>ex</span> <span class='ocrx_word' id='word_1_18' title='bbox 1470 802 1598 873; x_wconf 82' lang='lat' dir='ltr'>magna</span> <span class='ocrx_word' id='word_1_19' title='bbox 1674 861 1676 866; x_wconf 66' lang='lat'>,</span> 
     </span>
     <span class='ocr_line' id='line_1_4' title="bbox 342 889 1597 1008; baseline 0.01 -30"><span class='ocrx_word' id='word_1_20' title='bbox 342 905 572 980; x_wconf 71' lang='lat' dir='ltr'>similitudine</span> <span class='ocrx_word' id='word_1_21' title='bbox 611 889 701 982; x_wconf 86' lang='lat' dir='ltr'>inter</span> <span class='ocrx_word' id='word_1_22' title='bbox 739 911 856 984; x_wconf 91' lang='lat' dir='ltr'>Ovidii</span> <span class='ocrx_word' id='word_1_23' title='bbox 883 914 1067 988; x_wconf 90' lang='lat' dir='ltr'>Heroidem</span> <span class='ocrx_word' id='word_1_24' title='bbox 1110 923 1144 988; x_wconf 95' lang='lat' dir='ltr'>et</span> <span class='ocrx_word' id='word_1_25' title='bbox 1169 916 1330 1008; x_wconf 84' lang='lat' dir='ltr'>Sapphus</span> <span class='ocrx_word' id='word_1_26' title='bbox 1358 919 1395 989; x_wconf 92' lang='lat' dir='ltr'>in</span> <span class='ocrx_word' id='word_1_27' title='bbox 1419 917 1597 990; x_wconf 81' lang='lat' dir='ltr'>Phaonem</span> 
     </span>
     <span class='ocr_line' id='line_1_5' title="bbox 345 1041 1597 1143; baseline 0.012 -34"><span class='ocrx_word' id='word_1_28' title='bbox 345 1058 484 1112; x_wconf 88' lang='lat' dir='ltr'>carmen</span> <span class='ocrx_word' id='word_1_29' title='bbox 509 1041 743 1117; x_wconf 79' lang='lat' dir='ltr'>intercedente</span> <span class='ocrx_word' id='word_1_30' title='bbox 769 1047 994 1121; x_wconf 88' lang='lat' dir='ltr'>coniectando</span> <span class='ocrx_word' id='word_1_31' title='bbox 1009 1051 1159 1123; x_wconf 83' lang='lat' dir='ltr'>assecuti</span> <span class='ocrx_word' id='word_1_32' title='bbox 1185 1057 1268 1123; x_wconf 88' lang='lat' dir='ltr'>sunt</span> <span class='ocrx_word' id='word_1_33' title='bbox 1294 1051 1385 1123; x_wconf 91' lang='lat' dir='ltr'>hanc</span> <span class='ocrx_word' id='word_1_34' title='bbox 1410 1051 1597 1143; x_wconf 90' lang='lat' dir='ltr'>epistulam</span> 
     </span>
     <span class='ocr_line' id='line_1_6' title="bbox 344 1170 1596 1278; baseline 0.014 -36"><span class='ocrx_word' id='word_1_35' title='bbox 344 1170 389 1243; x_wconf 91' lang='lat' dir='ltr'>ab</span> <span class='ocrx_word' id='word_1_36' title='bbox 416 1171 541 1247; x_wconf 89' lang='lat' dir='ltr'>Ovidio</span> <span class='ocrx_word' id='word_1_37' title='bbox 566 1198 585 1246; x_wconf 89' lang='lat' dir='ltr'>e</span> <span class='ocrx_word' id='word_1_38' title='bbox 611 1175 742 1250; x_wconf 84' lang='lat' dir='ltr'>Graeco</span> <span class='ocrx_word' id='word_1_39' title='bbox 768 1181 1084 1275; x_wconf 84' lang='lat' dir='ltr'>translatumesse,</span> <span class='ocrx_word' id='word_1_40' title='bbox 1111 1205 1181 1256; x_wconf 92' lang='lat' dir='ltr'>non</span> <span class='ocrx_word' id='word_1_41' title='bbox 1206 1183 1344 1278; x_wconf 91' lang='lat' dir='ltr'>quidem</span> <span class='ocrx_word' id='word_1_42' title='bbox 1371 1184 1596 1276; x_wconf 88' lang='lat' dir='ltr'>adverbum,</span> 
     </span>
     <span class='ocr_line' id='line_1_7' title="bbox 346 1308 1597 1424; baseline 0.012 -43"><span class='ocrx_word' id='word_1_43' title='bbox 346 1308 406 1381; x_wconf 90' lang='lat' dir='ltr'>sed</span> <span class='ocrx_word' id='word_1_44' title='bbox 431 1317 470 1383; x_wconf 94' lang='lat' dir='ltr'>ut</span> <span class='ocrx_word' id='word_1_45' title='bbox 496 1333 569 1384; x_wconf 92' lang='lat' dir='ltr'>mos</span> <span class='ocrx_word' id='word_1_46' title='bbox 595 1322 679 1406; x_wconf 90' lang='lat' dir='ltr'>erat,</span> <span class='ocrx_word' id='word_1_47' title='bbox 707 1315 862 1407; x_wconf 76' lang='lat' dir='ltr'>liberiu‘s3</span> <span class='ocrx_word' id='word_1_48' title='bbox 890 1317 982 1390; x_wconf 89' lang='lat' dir='ltr'>unde</span> <span class='ocrx_word' id='word_1_49' title='bbox 1006 1319 1066 1390; x_wconf 91' lang='lat' dir='ltr'>illa</span> <span class='ocrx_word' id='word_1_50' title='bbox 1091 1320 1334 1424; x_wconf 87' lang='lat' dir='ltr'>aquibusdam</span> <span class='ocrx_word' id='word_1_51' title='bbox 1360 1331 1498 1396; x_wconf 87' lang='lat' dir='ltr'>servata</span> <span class='ocrx_word' id='word_1_52' title='bbox 1524 1326 1597 1415; x_wconf 93' lang='lat' dir='ltr'>opi-</span> 
     </span>
     <span class='ocr_line' id='line_1_8' title="bbox 345 1427 1626 1523; baseline 0.018 -9"><span class='ocrx_word' id='word_1_53' title='bbox 345 1444 403 1516; x_wconf 94' lang='lat' dir='ltr'>nio</span> <span class='ocrx_word' id='word_1_54' title='bbox 427 1445 571 1520; x_wconf 85' lang='lat' dir='ltr'>fluxisse</span> <span class='ocrx_word' id='word_1_55' title='bbox 595 1448 744 1523; x_wconf 86' lang='lat' dir='ltr'>videtur.</span> <span class='ocrx_word' id='word_1_56' title='bbox 1622 1427 1626 1432; x_wconf 20' lang='grc' dir='ltr'>Ι</span> 
     </span>
     <span class='ocr_line' id='line_1_9' title="bbox 443 1581 1598 1688; baseline 0.013 -37"><span class='ocrx_word' id='word_1_57' title='bbox 443 1581 537 1688; x_wconf 87' lang='lat' dir='ltr'>Fieri</span> <span class='ocrx_word' id='word_1_58' title='bbox 561 1585 685 1675; x_wconf 88' lang='lat' dir='ltr'>potuit,</span> <span class='ocrx_word' id='word_1_59' title='bbox 712 1591 752 1657; x_wconf 92' lang='lat' dir='ltr'>ut</span> <span class='ocrx_word' id='word_1_60' title='bbox 767 1583 929 1678; x_wconf 88' lang='lat' dir='ltr'>Sapphus</span> <span class='ocrx_word' id='word_1_61' title='bbox 955 1590 1105 1679; x_wconf 87' lang='lat' dir='ltr'>epistula</span> <span class='ocrx_word' id='word_1_62' title='bbox 1131 1589 1306 1663; x_wconf 89' lang='lat' dir='ltr'>Ovidiana</span> <span class='ocrx_word' id='word_1_63' title='bbox 1331 1594 1501 1682; x_wconf 92' lang='lat' dir='ltr'>prima</span> <span class='ocrx_word' id='word_1_64' title='bbox 1526 1614 1598 1665; x_wconf 94' lang='lat' dir='ltr'>om-</span> 
     </span>
     <span class='ocr_line' id='line_1_10' title="bbox 345 1715 1598 1824; baseline 0.013 -40"><span class='ocrx_word' id='word_1_65' title='bbox 345 1715 442 1785; x_wconf 90' lang='lat' dir='ltr'>nium</span> <span class='ocrx_word' id='word_1_66' title='bbox 482 1723 674 1824; x_wconf 84' lang='lat' dir='ltr'>ceterarum</span> <span class='ocrx_word' id='word_1_67' title='bbox 712 1717 902 1792; x_wconf 90' lang='lat' dir='ltr'>Heroidum</span> <span class='ocrx_word' id='word_1_68' title='bbox 941 1743 962 1793; x_wconf 91' lang='lat' dir='ltr'>a</span> <span class='ocrx_word' id='word_1_69' title='bbox 1001 1722 1142 1796; x_wconf 88' lang='lat' dir='ltr'>Nasone</span> <span class='ocrx_word' id='word_1_70' title='bbox 1179 1723 1399 1817; x_wconf 90' lang='lat' dir='ltr'>Sapphonem</span> <span class='ocrx_word' id='word_1_71' title='bbox 1439 1729 1598 1800; x_wconf 89' lang='lat' dir='ltr'>imitante</span> 
     </span>
     <span class='ocr_line' id='line_1_11' title="bbox 345 1850 1598 1951; baseline 0.011 -33"><span class='ocrx_word' id='word_1_72' title='bbox 345 1850 477 1940; x_wconf 88' lang='lat' dir='ltr'>scripta</span> <span class='ocrx_word' id='word_1_73' title='bbox 502 1850 560 1940; x_wconf 81' lang='lat' dir='ltr'>sit3</span> <span class='ocrx_word' id='word_1_74' title='bbox 597 1850 688 1943; x_wconf 92' lang='lat' dir='ltr'>quod</span> <span class='ocrx_word' id='word_1_75' title='bbox 726 1856 838 1943; x_wconf 93' lang='lat' dir='ltr'>poesis</span> <span class='ocrx_word' id='word_1_76' title='bbox 878 1875 989 1944; x_wconf 84' lang='lat' dir='ltr'>genus</span> <span class='ocrx_word' id='word_1_77' title='bbox 1029 1879 1106 1929; x_wconf 93' lang='lat' dir='ltr'>cum</span> <span class='ocrx_word' id='word_1_78' title='bbox 1126 1873 1129 1879; x_wconf 82' lang='grc'>’</span> <span class='ocrx_word' id='word_1_79' title='bbox 1146 1866 1180 1930; x_wconf 94' lang='lat' dir='ltr'>et</span> <span class='ocrx_word' id='word_1_80' title='bbox 1205 1859 1272 1948; x_wconf 93' lang='lat' dir='ltr'>ipsi</span> <span class='ocrx_word' id='word_1_81' title='bbox 1313 1866 1348 1931; x_wconf 94' lang='lat' dir='ltr'>et</span> <span class='ocrx_word' id='word_1_82' title='bbox 1372 1860 1598 1951; x_wconf 91' lang='lat' dir='ltr'>popularibus</span> 
     </span>
     <span class='ocr_line' id='line_1_12' title="bbox 346 1983 1598 2087; baseline 0.012 -34"><span class='ocrx_word' id='word_1_83' title='bbox 346 1983 440 2055; x_wconf 91' lang='lat' dir='ltr'>haud</span> <span class='ocrx_word' id='word_1_84' title='bbox 466 1983 676 2079; x_wconf 82' lang='lat' dir='ltr'>displiceret,</span> <span class='ocrx_word' id='word_1_85' title='bbox 696 1988 846 2081; x_wconf 85' lang='lat' dir='ltr'>-quod</span> <span class='ocrx_word' id='word_1_86' title='bbox 872 1991 942 2062; x_wconf 88' lang='lat' dir='ltr'>iam</span> <span class='ocrx_word' id='word_1_87' title='bbox 969 2014 1010 2063; x_wconf 86' lang='lat' dir='ltr'>ex</span> <span class='ocrx_word' id='word_1_88' title='bbox 1036 1991 1157 2066; x_wconf 92' lang='lat' dir='ltr'>Sabini</span> <span class='ocrx_word' id='word_1_89' title='bbox 1184 1997 1358 2086; x_wconf 89' lang='lat' dir='ltr'>responsis</span> <span class='ocrx_word' id='word_1_90' title='bbox 1376 1996 1411 2087; x_wconf 66' lang='lat' dir='ltr'>a)</span> <span class='ocrx_word' id='word_1_91' title='bbox 1439 1995 1598 2068; x_wconf 89' lang='lat' dir='ltr'>concludi</span> 
     </span>
     <span class='ocr_line' id='line_1_13' title="bbox 345 2119 1598 2222; baseline 0.01 -32"><span class='ocrx_word' id='word_1_92' title='bbox 345 2125 517 2212; x_wconf 87' lang='lat' dir='ltr'>potest-,</span> <span class='ocrx_word' id='word_1_93' title='bbox 546 2119 672 2194; x_wconf 92' lang='lat' dir='ltr'>Ovidio</span> <span class='ocrx_word' id='word_1_94' title='bbox 698 2124 736 2195; x_wconf 91' lang='lat' dir='ltr'>in</span> <span class='ocrx_word' id='word_1_95' title='bbox 762 2130 911 2196; x_wconf 90' lang='lat' dir='ltr'>mentem</span> <span class='ocrx_word' id='word_1_96' title='bbox 948 2128 1055 2217; x_wconf 89' lang='lat' dir='ltr'>venit,</span> <span class='ocrx_word' id='word_1_97' title='bbox 1096 2134 1136 2200; x_wconf 89' lang='lat' dir='ltr'>ut</span> <span class='ocrx_word' id='word_1_98' title='bbox 1159 2126 1333 2200; x_wconf 83' lang='lat' dir='ltr'>fabulosas</span> <span class='ocrx_word' id='word_1_99' title='bbox 1360 2149 1495 2222; x_wconf 86' lang='lat' dir='ltr'>qnoque</span> <span class='ocrx_word' id='word_1_100' title='bbox 1520 2129 1598 2202; x_wconf 89' lang='lat' dir='ltr'>illas</span> 
     </span>
     <span class='ocr_line' id='line_1_14' title="bbox 345 2253 1598 2354; baseline 0.008 -29"><span class='ocrx_word' id='word_1_101' title='bbox 345 2253 503 2328; x_wconf 88' lang='lat' dir='ltr'>heroides</span> <span class='ocrx_word' id='word_1_102' title='bbox 531 2256 733 2330; x_wconf 87' lang='lat' dir='ltr'>absentibus</span> <span class='ocrx_word' id='word_1_103' title='bbox 759 2259 846 2331; x_wconf 88' lang='lat' dir='ltr'>viris</span> <span class='ocrx_word' id='word_1_104' title='bbox 873 2267 936 2332; x_wconf 92' lang='lat' dir='ltr'>aut</span> <span class='ocrx_word' id='word_1_105' title='bbox 963 2263 1104 2332; x_wconf 92' lang='lat' dir='ltr'>amasiis</span> <span class='ocrx_word' id='word_1_106' title='bbox 1126 2261 1293 2334; x_wconf 90' lang='lat' dir='ltr'>eiusmodi</span> <span class='ocrx_word' id='word_1_107' title='bbox 1321 2263 1487 2354; x_wconf 84' lang='lat' dir='ltr'>epistulas</span> <span class='ocrx_word' id='word_1_108' title='bbox 1513 2265 1598 2335; x_wconf 90' lang='lat' dir='ltr'>scri-</span> 
     </span>
     <span class='ocr_line' id='line_1_15' title="bbox 345 2388 1598 2488; baseline 0.008 -27"><span class='ocrx_word' id='word_1_109' title='bbox 345 2388 467 2463; x_wconf 89' lang='lat' dir='ltr'>bentes</span> <span class='ocrx_word' id='word_1_110' title='bbox 505 2391 642 2464; x_wconf 90' lang='lat' dir='ltr'>faceret.</span> <span class='ocrx_word' id='word_1_111' title='bbox 683 2394 804 2487; x_wconf 91' lang='lat' dir='ltr'>Itaque</span> <span class='ocrx_word' id='word_1_112' title='bbox 843 2401 883 2467; x_wconf 89' lang='lat' dir='ltr'>ut</span> <span class='ocrx_word' id='word_1_113' title='bbox 914 2396 952 2467; x_wconf 92' lang='lat' dir='ltr'>in</span> <span class='ocrx_word' id='word_1_114' title='bbox 991 2396 1297 2487; x_wconf 89' lang='lat' dir='ltr'>metamorphosesi</span> <span class='ocrx_word' id='word_1_115' title='bbox 1338 2396 1459 2471; x_wconf 91' lang='lat' dir='ltr'>doctus</span> <span class='ocrx_word' id='word_1_116' title='bbox 1499 2403 1598 2488; x_wconf 92' lang='lat' dir='ltr'>poeta</span> 
     </span>
     <span class='ocr_line' id='line_1_16' title="bbox 344 2521 1598 2620; baseline 0.007 -26"><span class='ocrx_word' id='word_1_117' title='bbox 344 2521 497 2615; x_wconf 91' lang='lat' dir='ltr'>undique</span> <span class='ocrx_word' id='word_1_118' title='bbox 522 2533 781 2615; x_wconf 85' lang='lat' dir='ltr'>eaargumenta</span> <span class='ocrx_word' id='word_1_119' title='bbox 807 2527 999 2620; x_wconf 82' lang='lat' dir='ltr'>colligebat,</span> <span class='ocrx_word' id='word_1_120' title='bbox 1027 2527 1143 2601; x_wconf 87' lang='lat' dir='ltr'>ubido</span> <span class='ocrx_word' id='word_1_121' title='bbox 1169 2552 1202 2600; x_wconf 90' lang='lat' dir='ltr'>m</span> <span class='ocrx_word' id='word_1_122' title='bbox 1219 2532 1389 2603; x_wconf 91' lang='lat' dir='ltr'>utatis</span> <span class='ocrx_word' id='word_1_123' title='bbox 1415 2525 1598 2604; x_wconf 78' lang='lat' dir='ltr'>formis</span> 
     </span>
     <span class='ocr_line' id='line_1_17' title="bbox 344 2651 1603 2750; baseline 0.006 -23"><span class='ocrx_word' id='word_1_124' title='bbox 344 2677 456 2729; x_wconf 92' lang='lat' dir='ltr'>sermo</span> <span class='ocrx_word' id='word_1_125' title='bbox 482 2665 566 2750; x_wconf 90' lang='lat' dir='ltr'>erat,</span> <span class='ocrx_word' id='word_1_126' title='bbox 593 2659 643 2731; x_wconf 88' lang='lat' dir='ltr'>ita</span> <span class='ocrx_word' id='word_1_127' title='bbox 681 2651 952 2735; x_wconf 84' lang='lat' dir='ltr'>hic&#39;absens</span> <span class='ocrx_word' id='word_1_128' title='bbox 993 2665 1186 2750; x_wconf 83' lang='lat' dir='ltr'>coniux</span> <span class='ocrx_word' id='word_1_129' title='bbox 1224 2670 1513 2737; x_wconf 82' lang='lat' dir='ltr'>autumatus</span> <span class='ocrx_word' id='word_1_130' title='bbox 1540 2683 1603 2736; x_wconf 91' lang='lat' dir='ltr'>an-</span> 
     </span>
     <span class='ocr_line' id='line_1_18' title="bbox 344 2781 1599 2889; baseline 0.007 -28"><span class='ocrx_word' id='word_1_131' title='bbox 344 2810 418 2861; x_wconf 87' lang='lat' dir='ltr'>sam</span> <span class='ocrx_word' id='word_1_132' title='bbox 444 2790 488 2863; x_wconf 92' lang='lat' dir='ltr'>ad</span> <span class='ocrx_word' id='word_1_133' title='bbox 502 2813 642 2865; x_wconf 88' lang='lat' dir='ltr'>carmen</span> <span class='ocrx_word' id='word_1_134' title='bbox 670 2794 944 2885; x_wconf 89' lang='lat' dir='ltr'>componendum</span> <span class='ocrx_word' id='word_1_135' title='bbox 970 2799 1001 2868; x_wconf 92' lang='lat' dir='ltr'>ei</span> <span class='ocrx_word' id='word_1_136' title='bbox 1015 2797 1186 2888; x_wconf 88' lang='lat' dir='ltr'>praebuit.</span> <span class='ocrx_word' id='word_1_137' title='bbox 1214 2797 1312 2889; x_wconf 80' lang='lat' dir='ltr'>Quod</span> <span class='ocrx_word' id='word_1_138' title='bbox 1342 2781 1423 2869; x_wconf 83' lang='lat' dir='ltr'>vero</span> <span class='ocrx_word' id='word_1_139' title='bbox 1450 2797 1599 2871; x_wconf 85' lang='lat' dir='ltr'>Ovidius</span> 
     </span>
     <span class='ocr_line' id='line_1_19' title="bbox 343 2925 1599 3023; baseline 0.008 -29"><span class='ocrx_word' id='word_1_140' title='bbox 343 2925 402 2997; x_wconf 93' lang='lat' dir='ltr'>illo</span> <span class='ocrx_word' id='word_1_141' title='bbox 428 2925 595 2999; x_wconf 86' lang='lat' dir='ltr'>Amorum</span> <span class='ocrx_word' id='word_1_142' title='bbox 620 2927 694 3002; x_wconf 90' lang='lat' dir='ltr'>loco</span> <span class='ocrx_word' id='word_1_143' title='bbox 715 2950 841 3001; x_wconf 44' lang='lat' dir='ltr'>wnovem</span> <span class='ocrx_word' id='word_1_144' title='bbox 868 2928 1035 3002; x_wconf 90' lang='lat' dir='ltr'>Heroides</span> <span class='ocrx_word' id='word_1_145' title='bbox 1062 2951 1142 3002; x_wconf 91' lang='lat' dir='ltr'>snas</span> <span class='ocrx_word' id='word_1_146' title='bbox 1169 2952 1350 3003; x_wconf 88' lang='lat' dir='ltr'>recensens</span> <span class='ocrx_word' id='word_1_147' title='bbox 1376 2930 1599 3023; x_wconf 89' lang='lat' dir='ltr'>Sapphonem</span> 
     </span>
     <span class='ocr_line' id='line_1_20' title="bbox 345 3061 1597 3162; baseline 0.006 -31"><span class='ocrx_word' id='word_1_148' title='bbox 345 3061 568 3133; x_wconf 91' lang='lat' dir='ltr'>novissimam</span> <span class='ocrx_word' id='word_1_149' title='bbox 607 3064 800 3137; x_wconf 87' lang='lat' dir='ltr'>nominavit</span> <span class='ocrx_word' id='word_1_150' title='bbox 838 3063 896 3156; x_wconf 87' lang='lat' dir='ltr'>(Il,</span> <span class='ocrx_word' id='word_1_151' title='bbox 927 3069 982 3162; x_wconf 74' lang='lat'>18,</span> <span class='ocrx_word' id='word_1_152' title='bbox 1012 3069 1085 3156; x_wconf 84' lang='grc'>26),</span> <span class='ocrx_word' id='word_1_153' title='bbox 1119 3086 1158 3136; x_wconf 93' lang='lat' dir='ltr'>eo</span> <span class='ocrx_word' id='word_1_154' title='bbox 1184 3065 1325 3136; x_wconf 91' lang='lat' dir='ltr'>minime</span> <span class='ocrx_word' id='word_1_155' title='bbox 1362 3064 1597 3157; x_wconf 91' lang='lat' dir='ltr'>prohibemur,</span> 
     </span>
     <span class='ocr_line' id='line_1_21' title="bbox 345 3168 1598 3288; baseline 0.003 -21"><span class='ocrx_word' id='word_1_156' title='bbox 345 3168 529 3287; x_wconf 84' lang='lat' dir='ltr'>quominus</span> <span class='ocrx_word' id='word_1_157' title='bbox 555 3197 645 3269; x_wconf 86' lang='lat' dir='ltr'>hanc</span> <span class='ocrx_word' id='word_1_158' title='bbox 659 3197 845 3288; x_wconf 88' lang='lat' dir='ltr'>epistulam</span> <span class='ocrx_word' id='word_1_159' title='bbox 870 3198 1020 3288; x_wconf 88' lang='lat' dir='ltr'>primam</span> <span class='ocrx_word' id='word_1_160' title='bbox 1035 3199 1190 3270; x_wconf 92' lang='lat' dir='ltr'>omnium</span> <span class='ocrx_word' id='word_1_161' title='bbox 1205 3199 1370 3288; x_wconf 88' lang='lat' dir='ltr'>scriptam</span> <span class='ocrx_word' id='word_1_162' title='bbox 1390 3219 1466 3270; x_wconf 89' lang='lat' dir='ltr'>esse</span> <span class='ocrx_word' id='word_1_163' title='bbox 1492 3219 1598 3288; x_wconf 88' lang='lat' dir='ltr'>pona-</span> 
     </span>
     <span class='ocr_line' id='line_1_22' title="bbox 345 3331 1598 3423; baseline 0.003 -23"><span class='ocrx_word' id='word_1_164' title='bbox 345 3343 433 3422; x_wconf 88' lang='lat' dir='ltr'>mus,</span> <span class='ocrx_word' id='word_1_165' title='bbox 478 3331 642 3423; x_wconf 90' lang='lat' dir='ltr'>qnoniam</span> <span class='ocrx_word' id='word_1_166' title='bbox 680 3331 739 3403; x_wconf 85' lang='lat' dir='ltr'>vix</span> <span class='ocrx_word' id='word_1_167' title='bbox 776 3331 963 3403; x_wconf 89' lang='lat' dir='ltr'>verisimile</span> <span class='ocrx_word' id='word_1_168' title='bbox 1000 3341 1053 3403; x_wconf 92' lang='lat' dir='ltr'>est</span> <span class='ocrx_word' id='word_1_169' title='bbox 1090 3338 1226 3421; x_wconf 90' lang='lat' dir='ltr'>poetam</span> <span class='ocrx_word' id='word_1_170' title='bbox 1266 3332 1434 3423; x_wconf 88' lang='lat' dir='ltr'>epistulas</span> <span class='ocrx_word' id='word_1_171' title='bbox 1460 3353 1499 3404; x_wconf 91' lang='lat' dir='ltr'>eo</span> <span class='ocrx_word' id='word_1_172' title='bbox 1524 3334 1598 3423; x_wconf 91' lang='lat' dir='ltr'>ipso</span> 
     </span>
     <span class='ocr_line' id='line_1_23' title="bbox 344 3440 1599 3558; baseline 0.002 -23"><span class='ocrx_word' id='word_1_173' title='bbox 344 3440 465 3536; x_wconf 91' lang='lat' dir='ltr'>ordine</span> <span class='ocrx_word' id='word_1_174' title='bbox 502 3465 725 3557; x_wconf 88' lang='lat' dir='ltr'>recensuisse,</span> <span class='ocrx_word' id='word_1_175' title='bbox 764 3485 831 3556; x_wconf 88' lang='lat' dir='ltr'>quo</span> <span class='ocrx_word' id='word_1_176' title='bbox 872 3466 1087 3556; x_wconf 90' lang='lat' dir='ltr'>conscriptae</span> <span class='ocrx_word' id='word_1_177' title='bbox 1126 3472 1228 3558; x_wconf 88' lang='lat' dir='ltr'>atque</span> <span class='ocrx_word' id='word_1_178' title='bbox 1266 3467 1304 3538; x_wconf 92' lang='lat' dir='ltr'>in</span> <span class='ocrx_word' id='word_1_179' title='bbox 1341 3467 1454 3538; x_wconf 88' lang='lat' dir='ltr'>lucem</span> <span class='ocrx_word' id='word_1_180' title='bbox 1487 3463 1599 3538; x_wconf 89' lang='lat' dir='ltr'>editae</span> 
     </span>
     <span class='ocr_line' id='line_1_24' title="bbox 344 3598 1599 3692; baseline 0.002 -21"><span class='ocrx_word' id='word_1_181' title='bbox 344 3599 519 3690; x_wconf 51' lang='lat' dir='ltr'>eranam).</span> <span class='ocrx_word' id='word_1_182' title='bbox 548 3599 682 3690; x_wconf 76' lang='lat' dir='ltr'>Quibus</span> <span class='ocrx_word' id='word_1_183' title='bbox 708 3600 831 3690; x_wconf 90' lang='lat' dir='ltr'>positis</span> <span class='ocrx_word' id='word_1_184' title='bbox 845 3598 956 3671; x_wconf 90' lang='lat' dir='ltr'>multa</span> <span class='ocrx_word' id='word_1_185' title='bbox 982 3598 1116 3691; x_wconf 90' lang='lat' dir='ltr'>menda,</span> <span class='ocrx_word' id='word_1_186' title='bbox 1144 3621 1232 3692; x_wconf 90' lang='lat' dir='ltr'>quae</span> <span class='ocrx_word' id='word_1_187' title='bbox 1257 3601 1432 3692; x_wconf 89' lang='lat' dir='ltr'>primitias</span> <span class='ocrx_word' id='word_1_188' title='bbox 1448 3600 1525 3674; x_wconf 90' lang='lat' dir='ltr'>illas</span> <span class='ocrx_word' id='word_1_189' title='bbox 1540 3600 1599 3674; x_wconf 87' lang='lat' dir='ltr'>de·</span> 
     </span>
     <span class='ocr_line' id='line_1_25' title="bbox 344 3733 1598 3827; baseline 0.006 -25"><span class='ocrx_word' id='word_1_190' title='bbox 344 3733 507 3825; x_wconf 85' lang='lat' dir='ltr'>formant,</span> <span class='ocrx_word' id='word_1_191' title='bbox 547 3735 684 3806; x_wconf 90' lang='lat' dir='ltr'>facilins</span> <span class='ocrx_word' id='word_1_192' title='bbox 723 3735 880 3805; x_wconf 86' lang='lat' dir='ltr'>excusari</span> <span class='ocrx_word' id='word_1_193' title='bbox 917 3740 1074 3825; x_wconf 82' lang='lat' dir='ltr'>possunt,</span> <span class='ocrx_word' id='word_1_194' title='bbox 1112 3755 1200 3827; x_wconf 90' lang='lat' dir='ltr'>quae</span> <span class='ocrx_word' id='word_1_195' title='bbox 1237 3743 1337 3827; x_wconf 90' lang='lat' dir='ltr'>poeta</span> <span class='ocrx_word' id='word_1_196' title='bbox 1376 3742 1495 3827; x_wconf 89' lang='lat' dir='ltr'>postea</span> <span class='ocrx_word' id='word_1_197' title='bbox 1532 3757 1598 3809; x_wconf 94' lang='lat' dir='ltr'>usu</span> 
     </span>
    </p>
   </div>
   <div class='ocr_carea' id='block_1_3' title="bbox 340 4067 1599 4850">
    <p class='ocr_par' dir='ltr' id='par_1_3' title="bbox 450 4067 876 4139">
     <span class='ocr_line' id='line_1_26' title="bbox 450 4067 876 4139; baseline -0.005 -13"><span class='ocrx_word' id='word_1_198' title='bbox 450 4067 473 4135; x_wconf 74' lang='lat'>⁴)</span> <span class='ocrx_word' id='word_1_199' title='bbox 489 4069 519 4126; x_wconf 74' lang='lat' dir='ltr'>V.</span> <span class='ocrx_word' id='word_1_200' title='bbox 538 4069 628 4124; x_wconf 76' lang='lat' dir='ltr'>Amor.</span> <span class='ocrx_word' id='word_1_201' title='bbox 647 4069 683 4139; x_wconf 88' lang='grc' dir='ltr'>ΙΙ,</span> <span class='ocrx_word' id='word_1_202' title='bbox 705 4069 746 4139; x_wconf 89' lang='lat'>18,</span> <span class='ocrx_word' id='word_1_203' title='bbox 766 4069 799 4124; x_wconf 80' lang='grc'>27</span> <span class='ocrx_word' id='word_1_204' title='bbox 819 4082 876 4136; x_wconf 84' lang='lat' dir='ltr'>sqq.</span> 
     </span>
    </p>

    <p class='ocr_par' dir='ltr' id='par_1_4' title="bbox 340 4157 1599 4850">
     <span class='ocr_line' id='line_1_27' title="bbox 434 4157 1599 4232; baseline -0.001 -17"><span class='ocrx_word' id='word_1_205' title='bbox 434 4157 472 4226; x_wconf 78' lang='lat'>**)</span> <span class='ocrx_word' id='word_1_206' title='bbox 489 4158 548 4215; x_wconf 82' lang='lat' dir='ltr'>Non</span> <span class='ocrx_word' id='word_1_207' title='bbox 576 4159 696 4215; x_wconf 90' lang='lat' dir='ltr'>alienum</span> <span class='ocrx_word' id='word_1_208' title='bbox 723 4159 758 4214; x_wconf 89' lang='lat' dir='ltr'>ab</span> <span class='ocrx_word' id='word_1_209' title='bbox 786 4158 914 4214; x_wconf 91' lang='lat' dir='ltr'>hocloco</span> <span class='ocrx_word' id='word_1_210' title='bbox 935 4172 991 4214; x_wconf 91' lang='lat' dir='ltr'>essa</span> <span class='ocrx_word' id='word_1_211' title='bbox 1010 4159 1079 4214; x_wconf 90' lang='lat' dir='ltr'>mihi</span> <span class='ocrx_word' id='word_1_212' title='bbox 1098 4159 1209 4216; x_wconf 88' lang='lat' dir='ltr'>videtur</span> <span class='ocrx_word' id='word_1_213' title='bbox 1228 4160 1336 4230; x_wconf 88' lang='lat' dir='ltr'>addere,</span> <span class='ocrx_word' id='word_1_214' title='bbox 1356 4160 1487 4232; x_wconf 85' lang='lat' dir='ltr'>quomodo</span> <span class='ocrx_word' id='word_1_215' title='bbox 1507 4161 1599 4230; x_wconf 83' lang='lat' dir='ltr'>expli-</span> 
     </span>
     <span class='ocr_line' id='line_1_28' title="bbox 344 4247 1598 4319; baseline 0 -14"><span class='ocrx_word' id='word_1_216' title='bbox 344 4249 461 4310; x_wconf 91' lang='lat' dir='ltr'>candum</span> <span class='ocrx_word' id='word_1_217' title='bbox 478 4262 535 4303; x_wconf 90' lang='lat' dir='ltr'>asso</span> <span class='ocrx_word' id='word_1_218' title='bbox 554 4262 688 4317; x_wconf 89' lang='lat' dir='ltr'>censeam,</span> <span class='ocrx_word' id='word_1_219' title='bbox 708 4262 758 4302; x_wconf 86' lang='lat' dir='ltr'>cur</span> <span class='ocrx_word' id='word_1_220' title='bbox 775 4247 844 4302; x_wconf 88' lang='lat' dir='ltr'>baec</span> <span class='ocrx_word' id='word_1_221' title='bbox 863 4247 984 4317; x_wconf 88' lang='lat' dir='ltr'>epistula</span> <span class='ocrx_word' id='word_1_222' title='bbox 1003 4248 1133 4304; x_wconf 86' lang='lat' dir='ltr'>inlibris</span> <span class='ocrx_word' id='word_1_223' title='bbox 1152 4249 1352 4318; x_wconf 86' lang='lat' dir='ltr'>manuscriptis</span> <span class='ocrx_word' id='word_1_224' title='bbox 1372 4251 1598 4319; x_wconf 88' lang='lat' dir='ltr'>separatim</span> 
     </span>
     <span class='ocr_line' id='line_1_29' title="bbox 343 4336 1598 4411; baseline 0.002 -17"><span class='ocrx_word' id='word_1_225' title='bbox 343 4337 566 4395; x_wconf 85' lang='lat' dir='ltr'>circumferatur.</span> <span class='ocrx_word' id='word_1_226' title='bbox 585 4336 651 4396; x_wconf 82' lang='lat' dir='ltr'>(lum</span> <span class='ocrx_word' id='word_1_227' title='bbox 680 4337 815 4406; x_wconf 87' lang='lat' dir='ltr'>epistulae</span> <span class='ocrx_word' id='word_1_228' title='bbox 843 4336 990 4394; x_wconf 82' lang='lat' dir='ltr'>Ouidianaa</span> <span class='ocrx_word' id='word_1_229' title='bbox 1014 4338 1043 4392; x_wconf 92' lang='lat' dir='ltr'>in</span> <span class='ocrx_word' id='word_1_230' title='bbox 1062 4338 1185 4393; x_wconf 88' lang='lat' dir='ltr'>ordinem</span> <span class='ocrx_word' id='word_1_231' title='bbox 1204 4338 1406 4411; x_wconf 79' lang='lat' dir='ltr'>digererentur,</span> <span class='ocrx_word' id='word_1_232' title='bbox 1425 4339 1450 4394; x_wconf 92' lang='lat' dir='ltr'>is</span> <span class='ocrx_word' id='word_1_233' title='bbox 1469 4339 1517 4406; x_wconf 84' lang='lat' dir='ltr'>qui</span> <span class='ocrx_word' id='word_1_234' title='bbox 1536 4355 1598 4396; x_wconf 88' lang='lat' dir='ltr'>enm</span> 
     </span>
     <span class='ocr_line' id='line_1_30' title="bbox 342 4426 1597 4499; baseline 0 -15"><span class='ocrx_word' id='word_1_235' title='bbox 342 4429 467 4484; x_wconf 90' lang='lat' dir='ltr'>laborem</span> <span class='ocrx_word' id='word_1_236' title='bbox 485 4428 651 4498; x_wconf 86' lang='lat' dir='ltr'>susceperat,</span> <span class='ocrx_word' id='word_1_237' title='bbox 678 4426 805 4496; x_wconf 84' lang='lat' dir='ltr'>Sapphus</span> <span class='ocrx_word' id='word_1_238' title='bbox 833 4427 982 4496; x_wconf 87' lang='lat' dir='ltr'>epistulam</span> <span class='ocrx_word' id='word_1_239' title='bbox 1010 4428 1145 4482; x_wconf 82' lang='lat' dir='ltr'>acetaria</span> <span class='ocrx_word' id='word_1_240' title='bbox 1173 4428 1366 4485; x_wconf 79' lang='lat' dir='ltr'>secludendum</span> <span class='ocrx_word' id='word_1_241' title='bbox 1396 4428 1515 4499; x_wconf 88' lang='lat' dir='ltr'>curavit,</span> <span class='ocrx_word' id='word_1_242' title='bbox 1535 4441 1597 4484; x_wconf 90' lang='lat' dir='ltr'>cum</span> 
     </span>
     <span class='ocr_line' id='line_1_31' title="bbox 343 4516 1596 4588; baseline -0.001 -14"><span class='ocrx_word' id='word_1_243' title='bbox 343 4516 497 4587; x_wconf 87' lang='lat' dir='ltr'>Sappho</span> <span class='ocrx_word' id='word_1_244' title='bbox 517 4516 674 4572; x_wconf 86' lang='lat' dir='ltr'>minime</span> <span class='ocrx_word' id='word_1_245' title='bbox 693 4519 800 4572; x_wconf 89' lang='lat' dir='ltr'>esset</span> <span class='ocrx_word' id='word_1_246' title='bbox 818 4517 967 4573; x_wconf 86' lang='lat' dir='ltr'>Herois.</span> <span class='ocrx_word' id='word_1_247' title='bbox 988 4518 1140 4573; x_wconf 88' lang='lat' dir='ltr'>Posteriora</span> <span class='ocrx_word' id='word_1_248' title='bbox 1169 4519 1261 4573; x_wconf 88' lang='lat' dir='ltr'>autem</span> <span class='ocrx_word' id='word_1_249' title='bbox 1280 4520 1402 4588; x_wconf 87' lang='lat' dir='ltr'>tempore</span> <span class='ocrx_word' id='word_1_250' title='bbox 1421 4517 1527 4574; x_wconf 88' lang='lat' dir='ltr'>factum</span> <span class='ocrx_word' id='word_1_251' title='bbox 1547 4519 1596 4588; x_wconf 88' lang='lat' dir='ltr'>cat,</span> 
     </span>
     <span class='ocr_line' id='line_1_32' title="bbox 341 4606 1596 4679; baseline 0.001 -15"><span class='ocrx_word' id='word_1_252' title='bbox 341 4609 373 4664; x_wconf 93' lang='lat' dir='ltr'>ut</span> <span class='ocrx_word' id='word_1_253' title='bbox 392 4608 464 4664; x_wconf 90' lang='lat' dir='ltr'>alius</span> <span class='ocrx_word' id='word_1_254' title='bbox 482 4606 593 4674; x_wconf 82' lang='lat' dir='ltr'>quidam</span> <span class='ocrx_word' id='word_1_255' title='bbox 621 4607 804 4676; x_wconf 84' lang='lat' dir='ltr'>epistularum</span> <span class='ocrx_word' id='word_1_256' title='bbox 832 4607 953 4675; x_wconf 82' lang='lat' dir='ltr'>digestor</span> <span class='ocrx_word' id='word_1_257' title='bbox 981 4608 1062 4664; x_wconf 90' lang='lat' dir='ltr'>illum</span> <span class='ocrx_word' id='word_1_258' title='bbox 1087 4608 1250 4665; x_wconf 83' lang='lat' dir='ltr'>tlvidianum</span> <span class='ocrx_word' id='word_1_259' title='bbox 1269 4610 1359 4674; x_wconf 86' lang='lat' dir='ltr'>locum</span> <span class='ocrx_word' id='word_1_260' title='bbox 1377 4609 1477 4677; x_wconf 76' lang='lat' dir='ltr'>(Amor.</span> <span class='ocrx_word' id='word_1_261' title='bbox 1497 4610 1534 4679; x_wconf 92' lang='lat'>11,</span> <span class='ocrx_word' id='word_1_262' title='bbox 1555 4611 1596 4674; x_wconf 86' lang='lat'>18,</span> 
     </span>
     <span class='ocr_line' id='line_1_33' title="bbox 342 4696 1597 4774; baseline -0.003 -18"><span class='ocrx_word' id='word_1_263' title='bbox 342 4699 387 4765; x_wconf 82' lang='lat'>26)</span> <span class='ocrx_word' id='word_1_264' title='bbox 403 4696 553 4766; x_wconf 85' lang='lat' dir='ltr'>respiciens</span> <span class='ocrx_word' id='word_1_265' title='bbox 572 4697 672 4753; x_wconf 87' lang='lat' dir='ltr'>cetaria</span> <span class='ocrx_word' id='word_1_266' title='bbox 690 4698 852 4755; x_wconf 85' lang='lat' dir='ltr'>lleroidibns</span> <span class='ocrx_word' id='word_1_267' title='bbox 871 4698 998 4767; x_wconf 84' lang='lat' dir='ltr'>sapphus</span> <span class='ocrx_word' id='word_1_268' title='bbox 1016 4712 1121 4770; x_wconf 83' lang='lat' dir='ltr'>quoquo</span> <span class='ocrx_word' id='word_1_269' title='bbox 1141 4699 1289 4774; x_wconf 83' lang='lat' dir='ltr'>epistulam</span> <span class='ocrx_word' id='word_1_270' title='bbox 1308 4697 1455 4757; x_wconf 89' lang='lat' dir='ltr'>novissimo</span> <span class='ocrx_word' id='word_1_271' title='bbox 1474 4700 1534 4758; x_wconf 88' lang='lat' dir='ltr'>loco</span> <span class='ocrx_word' id='word_1_272' title='bbox 1553 4712 1597 4760; x_wconf 84' lang='lat' dir='ltr'>as·</span> 
     </span>
     <span class='ocr_line' id='line_1_34' title="bbox 340 4786 1253 4850; baseline -0.01 -3"><span class='ocrx_word' id='word_1_273' title='bbox 340 4801 418 4849; x_wconf 83' lang='lat' dir='ltr'>auore</span> <span class='ocrx_word' id='word_1_274' title='bbox 438 4801 452 4842; x_wconf 92' lang='lat' dir='ltr'>e</span> <span class='ocrx_word' id='word_1_275' title='bbox 471 4800 502 4845; x_wconf 89' lang='lat' dir='ltr'>ro</span> <span class='ocrx_word' id='word_1_276' title='bbox 522 4799 579 4842; x_wconf 82' lang='lat' dir='ltr'>aare</span> <span class='ocrx_word' id='word_1_277' title='bbox 600 4786 746 4850; x_wconf 87' lang='lat' dir='ltr'>consuerit,</span> <span class='ocrx_word' id='word_1_278' title='bbox 1251 4786 1253 4791; x_wconf 84' lang='lat'>&#39;</span> 
     </span>
    </p>
   </div>
   <div class='ocr_carea' id='block_1_4' title="bbox 0 0 1916 5749">
    <p class='ocr_par' dir='ltr' id='par_1_5' title="bbox 0 0 1916 5749">
     <span class='ocr_line' id='line_1_35' title="bbox 0 0 1916 5749; baseline 0 0"><span class='ocrx_word' id='word_1_279' title='bbox 0 0 1916 5749; x_wconf 95' lang='lat' dir='ltr'> </span> 
     </span>
    </p>
   </div>
  </div>
 </body>
</html>
