3822 5758
811 408 814 413 ’
907 399 1107 478 -18-

378 631 534 729 Utroque
558 637 631 709 loco
657 642 692 708 et
716 637 888 708 sententia
914 640 949 707 et
973 635 1080 708 verba
1105 643 1188 709 sunt
1224 637 1296 708 fere
1321 635 1452 728 eadem3
1492 637 1632 730 Sappho
1673 741 1676 747 .

377 770 471 842 enirn
483 770 665 861 expressit,
693 767 821 859 quod
846 769 961 859 fuit,
988 766 1134 840 Ovidius
1148 789 1241 860 vero,
1267 769 1396 862 quod
1422 792 1517 844 non
1543 781 1630 862 esu

377 924 479 995 quem
504 900 719 995 exprimendi
746 899 884 974 modurn
911 901 1108 972 Romanum
1133 909 1268 991 poetam
1296 903 1333 975 in
1359 902 1492 976 deliciis
1520 905 1631 978 habu-

340 1063 350 1078 ·‘
377 1039 445 1111 isse
469 1039 562 1112 infra
587 1036 817 1111 ostendemus.

973 1264 1035 1337 ΙΙΙ.

472 1437 560 1511 Ibid.
588 1461 620 1510 v.
647 1440 692 1509 21
721 1458 771 1531 sq.
799 1436 952 1509 Phaonis
978 1437 1124 1527 pulchra
1149 1438 1255 1511 facies
1280 1437 1457 1530 laudatur,
1494 1443 1630 1533 poetria

375 1596 510 1669 quoque
534 1575 622 1665 frag.
650 1578 695 1646 29
723 1575 817 1646 ami
834 1595 889 1646 ou
904 1595 937 1644 nr
963 1573 1136 1666 quendam
1162 1576 1318 1666 pulchris
1351 1576 1458 1649 oculis
1496 1576 1560 1670 vel,
1599 1580 1628 1650 si

374 1697 612 1805 synecdochen
626 1708 762 1799 statuis,
789 1707 1011 1816 pulchra
1036 1707 1083 1779 fa
1099 1709 1173 1779 oie
1198 1709 1457 1798 insignem
1484 1711 1628 1801 alloqui-

374 1851 443 1917 tur.
470 1841 545 1915 Iarn
570 1841 687 1930 Bergk
707 1839 758 1932 =ad
785 1839 820 1938 h.
846 1840 869 1910 l.
897 1845 932 1912 et
956 1838 1001 1912 od
1027 1840 1122 1930 frag:
1161 1845 1229 1913 140
1269 1840 1430 1933 Sapphus
1455 1843 1561 1916 verba
1586 1865 1628 1915 ex

375 1979 528 2068 sumine
553 1975 699 2070 quodam
726 1973 770 2047 ad
795 1975 949 2047 Phaonis
975 1996 1128 2047 amorem
1155 1981 1343 2068 spectante,
1370 1997 1517 2069 quorum
1532 1977 1628 2051 hand

373 2112 536 2202 exiguum
577 2129 761 2183 numerum
798 2107 904 2180 fuisso
942 2129 983 2180 ex
1025 2108 1113 2198 frag.
1144 2111 1213 2179 140
1253 2109 1413 2181 concludi
1444 2117 1559 2201 potest
1578 2111 1625 2202 i)‚

373 2244 573 2318 dubitanter
598 2243 757 2332 coniecit
783 2262 870 2334 quae
897 2241 1095 2313 coniectura
1109 2240 1241 2314 collatis
1259 2241 1344 2314 locis
1359 2239 1400 2315 fit
1412 2243 1624 2316 verisimilis.
1746 2250 1748 2259 '

518 2376 945 2451 Estintefaoies..
1175 2358 1179 2366 ’

587 2508 617 2583 0
649 2511 667 2582 f
675 2511 818 2583 acies
843 2483 951 2583 oculis
975 2507 1143 2582 insidiosa
1168 2510 1263 2582 meis!

520 2643 664 2719 Στᾰθι
692 2636 820 2718 κᾶντα
845 2631 1019 2739 φίλος..

473 2865 474 2868 p
520 2769 1551 2881 καῑτάνἐπ’ὄσσοιςᾰμπὲτασονχάριν.

973 2999 1033 3072 IV.

467 3200 511 3273 V.
542 3203 586 3272 27
614 3219 664 3292 sq.
693 3195 841 3271 Ovidius
866 3198 938 3270 fere
962 3197 1054 3269 idem
1080 3196 1261 3290 indicavit,
1287 3197 1377 3290 quod
1390 3197 1533 3289 Sappho
1547 3199 1623 3289 ipsa
1706 3185 1709 3190 ’

369 3337 466 3413 haud
492 3334 596 3410 semel
622 3333 664 3408 de
690 3355 753 3406 sua
780 3333 914 3426 poetica
938 3333 1050 3424 gloria
1074 3333 1347 3426 praedicaverat,
1374 3341 1416 3407 nt
1445 3334 1534 3425 frag.
1565 3337 1621 3405 10:

474 3473 523 3548 At
548 3471 673 3544 mihi
699 3469 989 3560 Pegasides
1014 3468 1243 3542 blandissima
1269 3468 1622 3642 carminatdict-

1522 3589 1620 3641 an:

516 3708 591 3781 Iarn
617 3705 832 3778 canitur
856 3709 965 3775 toto
991 3724 1169 3776 nomen
1194 3703 1245 3775 in
1270 3701 1392 3775 orbe
1416 3689 1587 3776 meum.¹

515 3835 588 3915 At
614 3861 681 3937 με
706 3835 918 3934 τιμίαν
944 3832 1192 3930 ἕπόησαν
1219 3832 1362 3948 ἔργα

515 3963 723 4070 rodopa
761 3961 1055 4065 dolona**).

338 4353 340 4358 ¹
473 4285 551 4353 ⁶)lio
569 4286 685 4356 Phaone,
705 4300 785 4354 quem
805 4285 994 4342 reoentiorun
1012 4284 1130 4353 plurimi
1149 4282 1264 4340 nullum
1282 4269 1521 4350 fuisse'statnunt,
1542 4282 1620 4338 infra

365 4381 451 4448 plura
479 4377 697 4449 disputabimus
734 4378 877 4446 complura
906 4374 1032 4444 Sapphus
1070 4376 1099 4430 in
1128 4389 1189 4430 eurn
1217 4375 1342 4430 earmina
1379 4374 1467 4430 fnisse
1496 4373 1619 4429 testatur

365 4467 561 4540 Palaephatus,
580 4481 605 4524 v.
625 4465 702 4521 inira
720 4481 746 4535 p.
769 4464 856 4532 54***)
874 4466 942 4543 extr.
1557 4515 1561 4522 ,

429 4626 433 4637 .
471 4557 510 4626 '')
527 4559 590 4615 Birt
609 4559 629 4614 l.
640 4558 659 4615 l.
679 4573 703 4626 p.
715 4558 767 4614 431
788 4557 819 4612 in
836 4556 941 4628 latinis
960 4555 1143 4613 dallimaohei
1161 4558 1300 4625 fraaton
1320 4557 1441 4626 vestigia
1459 4556 1618 4624 indagavit:

631 4647 810 4734 Γράμματα
832 4646 863 4712 d'
886 4638 1021 4712 einana
1046 4645 1253 4732 dordupvgoa„

472 4757 603 4814 Attamen
619 4754 687 4822 quid
706 4755 905 4828 similitudinis
935 4755 1013 4811 inter
1041 4754 1109 4810 haee
1137 4757 1165 4810 et
1184 4754 1320 4811 ovidiana
1341 4754 1428 4810 verba
1446 4753 1615 4820 intercedat,

365 4861 399 4903 no
418 4847 549 4917 hvnoous
568 4844 680 4913 quidem
699 4843 817 4904 videbit.
