3804 5786
982 1430 1020 1545 1.

473 1751 517 1825 V.
546 1757 614 1826 139
640 1773 690 1844 sq.
718 1751 857 1842 Sappho
896 1753 1077 1826 collatione
1113 1750 1273 1824 adhibita
1305 1752 1359 1823 sui
1385 1752 1423 1822 in
1449 1750 1629 1822 Phaonem

375 1888 491 1962 insani
516 1889 644 1961 amoris
669 1885 828 1960 ardorem
855 1885 1053 1959 describens
1079 1906 1157 1957 oum
1182 1883 1311 1956 femina
1336 1882 1489 1956 ainriali
1503 1883 1629 1955 Erioh-
1670 1927 1671 1930 =

376 2021 484 2095 thone
508 2019 657 2114 quadam
683 2027 761 2092 acta
786 2039 862 2092 esse
888 2026 1076 2109 comparat:

478 2155 586 2244 „illuc
612 2157 738 2228 mentis
764 2155 877 2245 inops,
905 2159 1075 2248 utquam
1101 2151 1236 2225 furialis
1262 2151 1384 2222 Eric
1403 2145 1559 2234 htho*t

522 2289 664 2381 Arrigis,
691 2291 729 2362 in
755 2289 841 2363 oollo
868 2291 964 2363 orine
989 2290 1126 2361 iacente
1149 2257 1275 2358 feror“.

377 2423 475 2516 Quod
500 2424 729 2500 Erichthonis
767 2447 893 2498 nomen
932 2445 1009 2497 oum
1051 2424 1116 2496 hoo
1149 2422 1224 2494 loeo
1262 2425 1403 2512 excepto
1429 2420 1466 2491 in
1491 2418 1627 2492 Latinis

375 2559 503 2633 litteris
529 2560 681 2650 primum
708 2558 801 2650 apud
828 2559 1008 2631 Lucanum
1037 2557 1174 2648 (Phars.
1203 2554 1264 2645 VI,
1282 2557 1367 2646 508)
1394 2535 1541 2645 legatur,
1568 2553 1627 2625 ubi

374 2693 566 2768 veneiioam
605 2693 779 2787 quandam
818 2692 1018 2764 Thessalam
1051 2692 1101 2762 ita
1125 2689 1334 2779 appellatam
1359 2709 1434 2760 esse
1460 2686 1626 2779 comperi-

376 2829 708 2928 musfreoentiones
746 2826 1012 2901 Laohmannum
1038 2825 1202 2916 seouti**)
1230 2846 1268 2896 eo
1294 2831 1473 2915 tamquam
1497 2823 1627 2895 firmis-

375 2965 463 3038 simo
488 2969 692 3055 argumento
732 2963 931 3055 utebantur,
971 2984 1039 3056 quo
1077 2963 1146 3034 nisi
1188 2960 1372 3052 epistulam
1410 2961 1565 3050 spuriam
1593 2965 1627 3031 et

377 3099 514 3173 Latinis
540 3099 666 3173 litteris
693 3076 775 3172 iam
790 3097 1050 3170 senescentibus
1084 3101 1146 3168 aut
1171 3094 1356 3185 decrepitis
1382 3093 1426 3166 ab
1453 3094 1629 3166 imitatore

376 3233 523 3330 quodam
551 3236 740 3310 confestam
768 3234 1121 3324 esse'contenderent
1149 3233 1208 3326 qui
1235 3232 1270 3303 id
1290 3252 1416 3304 nomen
1442 3254 1463 3303 a
1487 3231 1628 3304 Lucano

374 3360 555 3443 mutuatus
582 3371 655 3460 ipse
682 3370 865 3460 sagacibus
903 3384 1023 3440 eorum
1060 3367 1187 3439 animis
1213 3364 1257 3438 ad
1282 3364 1439 3438 fraudem
1465 3363 1627 3455 detegen-

375 3499 455 3573 dam
491 3500 708 3574 maniiestam
745 3517 867 3572 ansam
916 3499 1118 3589 praebuisse
1167 3497 1361 3570 videbatur.
1410 3498 1507 3570 Inter
1544 3518 1628 3590 quos
1653 3583 1671 3619 ‹
1880 3495 1881 3498 ’

374 3634 554 3709 Lusianus
580 3633 792 3726 Mulier***)
820 3639 954 3705 tanam
980 3633 1051 3703 vim
1078 3633 1109 3704 ei
1136 3632 1268 3704 nomini
1282 3631 1417 3722 tribuit,
1446 3639 1486 3704 ut
1500 3652 1540 3703 ex
1554 3630 1627 3703 eius

217 3826 222 3837 .
312 3751 320 3876 Ἰ
374 3769 549 3842 sententia
575 3770 697 3841 soteris
723 3769 871 3858 integris
897 3773 1038 3858 propter
1064 3765 1099 3836 id
1115 3766 1225 3840 solum
1252 3766 1295 3839 de
1309 3765 1434 3840 Ouidio
1460 3766 1629 3858 epistulae

373 3909 513 3977 auotore
538 3902 814 3976 addubitandum
841 3903 897 3974 sit.
913 3899 1044 3974 Contra
1070 3899 1333 3973 Lachmannum
1355 3900 1523 3995 quaedam
1548 3923 1627 3992 pro·
1669 3999 1675 4006 ἱ

1880 5325 1881 5372 l

375 4111 657 4119 —————--—-—...-
667 4113 677 4116 ..
696 4112 775 4117 .,-.,....
827 4112 836 4116 ..
845 4111 851 4116 .

482 4230 626 4298 ⁸)llomen
654 4229 797 4299 proprium
824 4230 855 4284 in
873 4229 932 4284 fine
959 4228 1112 4285 hexametri
1140 4227 1259 4296 positum
1277 4242 1312 4284 ne
1333 4242 1403 4283 unus
1428 4227 1538 4296 quidem
1555 4228 1628 4286 libor
1658 4276 1660 4286 .

374 4333 423 4379 ms.
442 4320 585 4388 integrum
596 4318 727 4374 servavit.
740 4317 845 4372 Vriosio
858 4320 926 4373 testo
937 4318 1031 4387 (Epist.
1045 4317 1145 4387 Sapph.
1166 4317 1200 4372 ad
1214 4317 1315 4374 Phaon.
1334 4333 1360 4387 p.
1373 4319 1416 4385 29)
1435 4301 1532 4388 optimi
1552 4318 1626 4374 oodd.
1659 4320 1662 4328 '

339 4425 341 4430 ’
374 4409 540 4466 harleianus
565 4411 608 4482 (ll)
627 4407 822 4474 lnldensisqoe
850 4409 889 4473 (p)
916 4408 1020 4464 habent
1039 4407 1182 4476 eritho,
1211 4408 1447 4463 llranoofurtanus
1465 4408 1499 4476 (i)
1516 4409 1628 4481 dnum

374 4499 505 4558 inlibris
527 4499 620 4554 autem
638 4497 782 4552 inferioris
801 4501 882 4554 notae
902 4499 1012 4552 exstant
1020 4498 1071 4552 hae
1082 4497 1177 4554 variae
1188 4497 1328 4552 lectiones:
1349 4497 1406 4552 eri
1417 4498 1477 4552 oto
1496 4498 1628 4567 (plemm-

375 4591 645 4660 ouebheryoto,
665 4590 810 4659 erepto,
830 4588 970 4657 erista,
991 4586 1279 4657 eniahrinnis,
1300 4586 1438 4644 erinis.

469 4679 507 4747 ”)
524 4681 553 4736 l.
574 4679 632 4737 Ind.
652 4679 729 4735 loeti.
749 4678 869 4734 univers.
881 4679 968 4746 Berol.
992 4679 1058 4736 1848
1069 4678 1146 4749 aest,
1165 4692 1192 4746 p.
1213 4678 1237 4747 3,
1253 4678 1316 4732 ooll.
1336 4677 1421 4732 Vries.
1442 4679 1461 4733 l.
1480 4678 1499 4734 l.
1520 4692 1546 4746 p.
1569 4678 1627 4736 135.

455 4770 506 4840 ***)
522 4773 560 4828 llo
579 4785 609 4825 re
629 4769 745 4825 metrias
765 4783 791 4838 p.
811 4771 853 4826 la.
1385 4768 1387 4771 ’
