3822 5758
840 401 1037 473 ..21-

308 634 430 728 Itaque
453 659 503 730 ea,
531 637 723 730 dequibus
753 601 884 728 poetria
909 638 1103 727 generatim
1130 642 1234 728 atque
1259 635 1421 707 univerae
1446 631 1562 704 locuta

308 776 360 842 est
387 770 481 861 (τίν’
507 759 666 863 ἄλλον),
694 772 737 843 ah
765 769 890 843 Ovidio
916 773 1058 863 propIus
1085 769 1266 860 designata
1291 774 1383 843 sunt.

404 902 599 996 Utrumque
624 926 706 978 vero
731 905 818 994 frag.
850 907 907 996 (21
939 911 974 976 et
1001 906 1074 996 92),
1102 924 1310 996 quamquam
1337 923 1563 998 anonymum,

307 1036 423 1129 Bergk
450 1038 627 1131 Sapphoni
653 1040 855 1132 vindicavit,
884 1062 946 1112 nos
972 1048 1088 1113 autem
1107 1062 1148 1111 ex
1162 1040 1315 1130 poetriae
1334 1039 1370 1110 in
1385 1036 1562 1110 Phaonem

307 1175 460 1248 carmine
485 1173 727 1266 depromptum
754 1196 829 1248 esse
854 1177 1049 1267 opinamur.

911 1406 954 1478 X.

404 1601 549 1678 Duobus
574 1604 741 1696 epistulae
765 1591 849 1677 locis
874 1601 1014 1694 Sappho
1039 1601 1082 1673 de
1106 1600 1258 1674 Phaonis
1289 1598 1403 1691 rigido
1435 1602 1558 1674 immo-

305 1735 439 1829 bilique
465 1739 582 1812 animo
607 1739 776 1832 queritur3
802 1739 952 1830 legimus
978 1738 1128 1810 enimv.
1159 1739 1240 1810 189:

504 1870 798 1965 Oscopulis
823 1871 985 1964 undaque
1008 1871 1246 1944 ferocior
1270 1869 1339 1942 illa!

306 2002 415 2076 Porro
441 2028 473 2078 v.
503 2009 572 2078 207
601 2026 667 2098 sq:

404 2135 542 2230 Ecquid
581 2160 646 2230 ago
684 2138 855 2231 precibus,
894 2144 1184 2229 pectusque
1224 2142 1437 2226 agreste
1475 2159 1562 2210 mo·

455 2335 699 2426 Anriget?
837 2281 838 2286 x
1397 2240 1561 2329 ΗΜ

406 2466 536 2581 Eadem
576 2470 768 2543 sententia*
786 2471 824 2540 in
856 2468 926 2540 illis
965 2468 1239 2558 corruptissimis
1278 2467 1322 2539 ab
1362 2466 1561 2543 Herodiano

307 2602 405 2704 περὶ
431 2625 524 2700 μον.
552 2593 633 2692 lea.
663 2608 720 2695 26,
736 2607 779 2674 21
800 2605 844 2696 (v.
861 2600 1023 2692 Sapphus
1047 2600 1135 2690 frag.
1153 2601 1239 2693 110)
1266 2604 1412 2674 servatis
1444 2603 1561 2676 verbis

306 2758 469 2829 expressa
494 2757 568 2809 esse
593 2736 681 2808 mihi
705 2735 855 2825 videtur3
882 2756 969 2827 quae
995 2736 1044 2806 ita
1068 2735 1199 2825 scripta
1225 2737 1428 2825 reperimus:

518 2959 648 3043 ἄλλαν
674 2960 736 3067 μή
763 2891 1024 3065 καμγεισφέραν
1051 2963 1193 3070 φρένα.

306 3102 546 3198 Coniecturae,
573 3104 699 3197 quibus
725 3103 875 3194 Ahrens,
902 3101 1079 3193 Hartung,
1106 3099 1224 3189 Bergk
1249 3101 1361 3173 locum
1377 3099 1559 3194 sanabant,

305 3245 340 3311 11
364 3239 469 3312 nimis
495 3260 516 3312 a
541 3236 672 3310 tradita
697 3240 872 3327 scriptura
897 3234 1065 3308 recedunt
1090 3255 1202 3326 neque
1217 3240 1336 3324 aptam
1351 3236 1560 3309 sententiam

306 3374 515 3463 exprimunt.
558 3371 786 3464 Quamobrem
811 3369 969 3462 equidem
1007 3369 1112 3443 aliam
1150 3355 1358 3443 emendandi
1389 3373 1560 3446 rationem

305 3527 508 3599 proponam,
535 3527 755 3600 quamquam,
782 3503 873 3598 quod
899 3512 1049 3578 metrum
1075 3505 1113 3576 in
1133 3505 1359 3579 hocfrustulo
1374 3507 1561 3582 restituen-

305 3641 387 3716 dum
413 3640 471 3734 sit,
498 3644 536 3716 in
563 3642 668 3715 dubio
693 3643 862 3735 relinquo.
889 3641 947 3714 En
973 3665 1084 3717 meam
1109 3645 1307 3719 lectionem:

510 3764 985 3873 dhhaaqvvoiamrs
1025 3775 1271 3883 orepiuv
1313 3776 1503 3876 φρένα.

232 3971 233 3976 ,
304 3909 512 3985 Locutiones
537 3934 618 3985 vero
645 3909 796 4014 στερέα
822 3904 929 4021 φρήν
955 3920 990 3986 11
1016 3911 1229 4010 κάμπτειν
1256 3915 1388 4014 φρένα
1414 3937 1561 4007 graecae

305 4045 448 4136 linguae
471 4047 713 4121 consuetudini
739 4050 883 4121 minime
907 4070 1104 4141 repugnare
1129 4049 1276 4144 videbis,
1323 4053 1354 4124 si
1381 4073 1560 4144 compara·

306 4179 397 4251 veris
437 4178 501 4253 Od.
542 4181 672 4273 XXIII,
715 4185 783 4254 103
830 4173 990 4289 (apullia
1030 4179 1288 4291 στερεωτέρη
1326 4177 1492 4281 λίθοιο)
1527 4192 1562 4261 11

306 4313 415 4387 Thuc.
442 4313 506 4406 HI,
535 4315 580 4388 58
606 4315 669 4387 in:
708 4312 913 4414 οῖξιούμεν
953 4318 1201 4413 καιιφθῆναι
1241 4319 1352 4409 ὑμᾶς
1397 4320 1463 4395 καὶ
1488 4343 1560 4420 με·

238 4467 243 4471 ·
308 4447 530 4539 ταγνώναι.

406 4582 519 4674 Quae·
538 4582 568 4654 si
607 4589 699 4655 recte
737 4582 1003 4677 disputavimus,
1057 4586 1122 4658 hoo
1160 4588 1276 4677 Ipsum
1324 4588 1559 4679 fragmentum

306 4715 454 4805 epistula
479 4716 649 4789 adiutrice
673 4738 743 4791 nou
768 4717 878 4790 solum
905 4699 1090 4812 corrigere,
1116 4721 1175 4792 sed
1201 4721 1306 4793 etiam
1332 4743 1373 4794 ex
1398 4721 1560 4815 Sapphus

306 4848 352 4925 ad
377 4849 552 4932 Phaonem
580 4854 732 4927 carmine
757 4851 898 4929 ductum
925 4875 1000 4929 esse
1025 4861 1176 4932 statuere
1201 4858 1341 4954 poteris,
1592 4901 1596 4912 ·
