3822 5758
905 455 1072 530 -g..

362 695 482 767 critico
507 700 610 787 atque
636 694 811 784 exegetica
838 693 1072 784 copiosissimo
1098 693 1304 763 instructam
1345 695 1427 762 ante
1453 691 1515 762 hos
1541 695 1611 762 tres

361 799 470 900 annos
496 828 692 923 separatim,
710 826 820 899 edidit
836 828 879 919 ⁴⁶).
907 826 944 900 Si
958 832 1074 899 autem
1088 824 1363 897 demonstratum
1381 823 1612 916 erit-quoad

360 959 396 1030 id
421 960 499 1032 fieri
525 960 834 1051 potest-latinum
854 966 990 1051 poetam
1016 981 1058 1031 ex
1084 959 1223 1051 ipsis
1249 957 1485 1048 Sapphus
1512 979 1611 1029 car-

360 1093 590 1166 minibus
642 1095 808 1186 hausisse,
848 1101 924 1167 tum
963 1094 1082 1184 multa,
1123 1115 1210 1185 quae
1248 1095 1420 1184 imprimis
1460 1093 1501 1165 de
1539 1093 1612 1166 vita

359 1228 513 1319 poetriae
538 1227 582 1299 ab
610 1226 811 1298 hominibus
840 1225 950 1298 doctis
976 1227 1036 1297 illa
1062 1225 1211 1317 epistula
1235 1225 1332 1299 iretis
1359 1233 1496 1299 tantum
1510 1224 1612 1297 durbi-

359 1366 475 1433 tanter
500 1359 636 1450 prolata
662 1365 756 1450 sunt,
784 1362 895 1450 magis
922 1360 1072 1432 stabiliri
1098 1365 1274 1450 poterunt.

457 1494 551 1567 Haec
576 1501 659 1568 sunt
683 1515 772 1586 quae
798 1517 851 1566 me
876 1494 921 1567 ad
947 1517 1022 1568 eam
1047 1495 1283 1587 quaestionem
1306 1496 1504 1567 accuratius
1519 1501 1611 1567 trac-

270 1668 273 1676 ·
358 1614 502 1702 tandam'
525 1629 769 1720 permoverint.
799 1629 920 1722 Itaque
934 1628 1172 1726 demonstrare
1186 1630 1335 1702 conabor
1355 1631 1508 1721 primum
1524 1652 1612 1722 quae

358 1764 540 1837 manifesta
565 1762 727 1855 Sapphus
754 1743 947 1835 carminum
975 1764 1123 1852 vestigia
1149 1738 1187 1835 in
1214 1763 1273 1835 illa
1298 1763 1448 1854 epistula
1462 1771 1610 1856 exstent,

357 1905 432 1971 tum
458 1897 551 1970 unde
573 1905 694 1970 auctor
720 1898 794 1970 eius
820 1898 888 1969 alia
914 1899 1103 1989 sumpsisse
1118 1897 1288 1971 videatur.
1319 1898 1517 1990 Antequam
1531 1920 1610 1972 vero

357 2034 402 2109 ad
428 2032 464 2105 id
489 2033 582 2127 quod
609 2034 695 2105 mihi
721 2035 938 2126 propositum
965 2040 1017 2106 est
1031 2033 1202 2126 accedam,
1233 2055 1343 2124 pauca
1376 2034 1417 2106 de
1443 2035 1611 2126 epistulae

356 2178 496 2245 auctore
521 2176 624 2262 atque
650 2172 784 2270 origine
809 2172 1033 2262 praemittere
1053 2173 1349 2263 recentiorumque
1363 2169 1405 2242 de
1418 2193 1458 2243 ea
1471 2162 1610 2244 senten-

357 2308 424 2379 tias
448 2306 663 2397 perlustrare
689 2327 760 2378 non
787 2326 1082 2395 supervacaneum
1108 2327 1183 2378 esse
1209 2327 1338 2378 censeo.
1645 2335 1661 2376 a

453 2437 615 2529 Sapphus
641 2436 685 2510 ad
710 2438 885 2510 Phaonem
911 2438 1094 2528 epistulam
1120 2440 1280 2530 quisnam
1306 2439 1502 2529 scripsisset
1517 2441 1609 2512 inter

357 2573 514 2644 homines
539 2571 657 2645 doctos
684 2573 754 2644 iam
795 2573 833 2645 in
857 2573 991 2680 varias!
1011 2578 1129 2663 partes
1162 2572 1420 2664 disputabatur.
1463 2572 1610 2645 Ovidius

355 2708 475 2781 Amor.
500 2708 557 2800 11,.
577 2713 620 2780 18
648 2706 816 2780 Heroides
842 2729 923 2780 suas
944 2729 1132 2781 recensens
1159 2707 1322 2800 Sapphus
1350 2709 1521 2799 epistulae
1537 2731 1558 2781 a
1576 2731 1613 2780 se

356 2843 506 2933 scriptae
531 2845 604 2933 ipse
631 2842 685 2914 his
711 2841 827 2914 uerbis
854 2812 1066 2916 mentionem
1091 2844 1176 2916 lacit
1200 2846 1247 2935 (v.
1274 2845 1348 2936 26);

397 2961 399 2968 ’
504 2974 749 3049 Scribimus..
776 2974 915 3067 quod..
1023 3055 1026 3063 y
1384 3071 1387 3078 ι

564 3108 668 3180 Dicat
693 3113 727 3179 et
753 3107 895 3180 Aeoliae
919 3108 1043 3179 Lesbis
1069 3109 1180 3180 amica
1206 3108 1310 3201 lyrae.

357 3239 445 3313 Oum
470 3263 553 3316 vero
578 3264 618 3314 ea
644 3241 804 3333 Sapphus
831 3243 980 3334 epistula
1006 3265 1108 3334 quam
1129 3263 1192 3314 nos
1208 3242 1374 3315 habemus
1389 3242 1427 3314 in
1442 3243 1606 3315 vetustio-

354 3374 452 3447 ribus
479 3373 668 3447 Heroidum
694 3375 793 3448 libris
820 3377 1068 3465 manuscriptis
1095 3397 1166 3447 non
1191 3381 1313 3465 exstet,
1339 3377 1376 3447 in
1403 3376 1605 3447 recentiori-

354 3508 419 3580 bus
445 3515 561 3580 autem
587 3515 648 3582 aut
675 3510 798 3582 ceteris
840 3507 1052 3581 Heroidibus
1090 3532 1225 3583 annexa
1261 3513 1307 3583 sit
1333 3518 1396 3583 aut
1421 3512 1607 3602 separatim
1699 3566 1704 3572 .
1767 3553 1769 3564 ι

355 3642 628 3734 circumferatur,
656 3644 808 3734 suspicio
833 3651 909 3715 orta
936 3650 988 3714 est
1013 3626 1088 3715 eam
1115 3667 1135 3716 a
1160 3645 1390 3735 posteriorum
1413 3652 1607 3736 temporum

353 3775 585 3850 versificatore
611 3776 758 3870 quodam
784 3778 947 3867 genuinis
988 3775 1171 3850 Ouidianis
1205 3779 1419 3852 carminibus
1458 3776 1502 3849 ad
1527 3779 1606 3848 imi-

353 3910 498 3984 tandum
523 3913 708 4002 propositis
735 3913 995 4005 compilatisque
1022 3913 1210 3985 confectam
1237 3920 1271 3985 et
1297 3912 1420 3984 ceteris
1447 3912 1606 4002 epistulis

354 4051 507 4118 assutam
533 4067 616 4118 esse.
645 4047 698 4118 Ex
724 4047 838 4118 titulis
864 4055 981 4120 autem
1007 4049 1081 4120 eius
1108 4048 1276 4138 epistulae
1302 4048 1456 4120 inlibris
1484 4069 1607 4119 manu-

263 4257 265 4262 ,
353 4182 494 4272 scriptis
520 4182 738 4255 exstantibus
765 4183 879 4273 colligi
905 4188 1019 4275 potest
1045 4206 1120 4256 eam
1148 4177 1278 4258 Ouidio'
1298 4186 1432 4257 auctori
1456 4185 1607 4277 plerum-

354 4336 419 4407 que
444 4315 658 4404 assignatam
683 4336 768 4405 esse,
808 4318 845 4387 in
873 4318 990 4388 multis
1033 4316 1210 4388 codicibus
1248 4317 1350 4389 titulo
1376 4323 1480 4405 caret,
1520 4316 1606 4386 alias

353 4467 446 4539 vero,
485 4447 587 4519 utin
614 4447 729 4520 codiee
767 4448 926 4522 Parisino
967 4453 1060 4521 7989
1101 4449 1237 4521 Vriesio
1275 4456 1363 4521 teste
1394 4450 1429 4540 (l.
1456 4448 1478 4519 l.
1506 4470 1538 4538 p.
1568 4451 1604 4538 9)

299 4878 301 4884 s
459 4803 483 4872 *)
503 4802 647 4873 «ilpistula
677 4804 804 4874 Sapphus
833 4806 868 4861 ad
891 4805 1034 4862 Phaonem.
1065 4804 1185 4878 Scripsit
1213 4805 1238 4865 S.
1257 4805 1285 4863 G.
1312 4806 1344 4860 hc
1363 4805 1446 4862 Vries.
1477 4804 1606 4872 lugduni

353 4895 531 4962 Batavorum,
551 4893 798 4951 hoocohxxxvt
