<?xml version="1.0" encoding="UTF-8"?>
<!DOCTYPE html PUBLIC "-//W3C//DTD XHTML 1.0 Transitional//EN"
    "http://www.w3.org/TR/xhtml1/DTD/xhtml1-transitional.dtd">
<html xmlns="http://www.w3.org/1999/xhtml" xml:lang="en" lang="en">
 <head>
  <title>
</title>
<meta http-equiv="Content-Type" content="text/html;charset=utf-8" />
  <meta name='ocr-system' content='tesseract 3.04.00' />
  <meta name='ocr-capabilities' content='ocr_page ocr_carea ocr_par ocr_line ocrx_word'/>
</head>
<body>
  <div class='ocr_page' id='page_1' title='image "./quaestionessapp00lugoog_0063.png"; bbox 0 0 3804 5786; ppageno 0'>
   <div class='ocr_carea' id='block_1_1' title="bbox 840 337 1083 418">
    <p class='ocr_par' dir='ltr' id='par_1_1' title="bbox 840 337 1083 418">
     <span class='ocr_line' id='line_1_1' title="bbox 840 337 1083 418; baseline 0.004 -1"><span class='ocrx_word' id='word_1_1' title='bbox 840 337 1083 418; x_wconf 78' lang='grc'><strong>·-110-</strong></span> 
     </span>
    </p>
   </div>
   <div class='ocr_carea' id='block_1_2' title="bbox 252 566 1656 2007">
    <p class='ocr_par' dir='ltr' id='par_1_2' title="bbox 252 566 1656 2007">
     <span class='ocr_line' id='line_1_2' title="bbox 452 566 1611 669; baseline -0.003 -23"><span class='ocrx_word' id='word_1_2' title='bbox 452 573 549 648; x_wconf 86' lang='lat' dir='ltr'><strong>Inter</strong></span> <span class='ocrx_word' id='word_1_3' title='bbox 585 575 760 648; x_wconf 88' lang='lat' dir='ltr'>litterario</span> <span class='ocrx_word' id='word_1_4' title='bbox 799 576 941 668; x_wconf 88' lang='lat' dir='ltr'>auxilia,</span> <span class='ocrx_word' id='word_1_5' title='bbox 981 596 1069 669; x_wconf 92' lang='lat' dir='ltr'>quae</span> <span class='ocrx_word' id='word_1_6' title='bbox 1106 596 1201 649; x_wconf 90' lang='lat' dir='ltr'>nunc</span> <span class='ocrx_word' id='word_1_7' title='bbox 1239 573 1420 647; x_wconf 87' lang='lat' dir='ltr'>advitam</span> <span class='ocrx_word' id='word_1_8' title='bbox 1450 566 1611 664; x_wconf 85' lang='lat' dir='ltr'>Sapphus</span> 
     </span>
     <span class='ocr_line' id='line_1_3' title="bbox 355 707 1613 800; baseline 0 -22"><span class='ocrx_word' id='word_1_9' title='bbox 355 708 596 782; x_wconf 91' lang='lat' dir='ltr'>delineandam</span> <span class='ocrx_word' id='word_1_10' title='bbox 623 709 747 780; x_wconf 79' lang='lat' dir='ltr'><strong>ascisci</strong></span> <span class='ocrx_word' id='word_1_11' title='bbox 773 716 930 800; x_wconf 87' lang='lat' dir='ltr'><strong>possunt,</strong></span> <span class='ocrx_word' id='word_1_12' title='bbox 958 710 1171 782; x_wconf 81' lang='lat' dir='ltr'>recentiores</span> <span class='ocrx_word' id='word_1_13' title='bbox 1209 709 1367 799; x_wconf 85' lang='lat' dir='ltr'>neglecta</span> <span class='ocrx_word' id='word_1_14' title='bbox 1408 707 1613 798; x_wconf 92' lang='lat' dir='ltr'>plerumque</span> 
     </span>
     <span class='ocr_line' id='line_1_4' title="bbox 356 823 1612 933; baseline -0.002 -19"><span class='ocrx_word' id='word_1_15' title='bbox 356 838 531 915; x_wconf 91' lang='lat' dir='ltr'>Ovidiana</span> <span class='ocrx_word' id='word_1_16' title='bbox 555 823 705 933; x_wconf 88' lang='lat' dir='ltr'>epistula</span> <span class='ocrx_word' id='word_1_17' title='bbox 730 848 791 915; x_wconf 91' lang='lat' dir='ltr'>aut</span> <span class='ocrx_word' id='word_1_18' title='bbox 816 850 954 915; x_wconf 91' lang='lat' dir='ltr'>tantum</span> <span class='ocrx_word' id='word_1_19' title='bbox 981 840 1182 914; x_wconf 82' lang='lat' dir='ltr'>dubitanter</span> <span class='ocrx_word' id='word_1_20' title='bbox 1210 840 1369 914; x_wconf 90' lang='lat' dir='ltr'>adhibita</span> <span class='ocrx_word' id='word_1_21' title='bbox 1395 841 1509 932; x_wconf 92' lang='lat' dir='ltr'>primo</span> <span class='ocrx_word' id='word_1_22' title='bbox 1534 840 1612 912; x_wconf 90' lang='lat' dir='ltr'>loco</span> 
     </span>
     <span class='ocr_line' id='line_1_5' title="bbox 355 965 1612 1072; baseline -0.003 -24"><span class='ocrx_word' id='word_1_23' title='bbox 355 972 484 1048; x_wconf 88' lang='lat' dir='ltr'>Suidae</span> <span class='ocrx_word' id='word_1_24' title='bbox 496 995 523 1046; x_wconf 90' lang='lat' dir='ltr'>s.</span> <span class='ocrx_word' id='word_1_25' title='bbox 540 997 573 1048; x_wconf 81' lang='lat' dir='ltr'>v.</span> <span class='ocrx_word' id='word_1_26' title='bbox 589 965 757 1072; x_wconf 75' lang='grc' dir='ltr'><em>Σαπφώ</em></span> <span class='ocrx_word' id='word_1_27' title='bbox 770 977 1009 1049; x_wconf 87' lang='lat' dir='ltr'>testimonium</span> <span class='ocrx_word' id='word_1_28' title='bbox 1035 976 1079 1049; x_wconf 93' lang='lat' dir='ltr'>ab</span> <span class='ocrx_word' id='word_1_29' title='bbox 1094 976 1268 1070; x_wconf 82' lang='lat' dir='ltr'>Hesychio</span> <span class='ocrx_word' id='word_1_30' title='bbox 1283 975 1422 1049; x_wconf 91' lang='lat' dir='ltr'>Milesio</span> <span class='ocrx_word' id='word_1_31' title='bbox 1436 980 1612 1065; x_wconf 89' lang='lat' dir='ltr'>sumptum</span> 
     </span>
     <span class='ocr_line' id='line_1_6' title="bbox 355 1109 1612 1204; baseline -0.003 -22"><span class='ocrx_word' id='word_1_32' title='bbox 355 1130 482 1200; x_wconf 89' lang='lat' dir='ltr'>ponere</span> <span class='ocrx_word' id='word_1_33' title='bbox 521 1110 642 1200; x_wconf 88' lang='lat' dir='ltr'>solent,</span> <span class='ocrx_word' id='word_1_34' title='bbox 680 1109 741 1182; x_wconf 93' lang='lat' dir='ltr'>ubi</span> <span class='ocrx_word' id='word_1_35' title='bbox 781 1109 876 1182; x_wconf 91' lang='lat' dir='ltr'>haud</span> <span class='ocrx_word' id='word_1_36' title='bbox 913 1130 1037 1201; x_wconf 89' lang='lat' dir='ltr'>pauca,</span> <span class='ocrx_word' id='word_1_37' title='bbox 1076 1130 1165 1204; x_wconf 88' lang='lat' dir='ltr'>quae</span> <span class='ocrx_word' id='word_1_38' title='bbox 1190 1109 1235 1182; x_wconf 89' lang='lat' dir='ltr'>ad</span> <span class='ocrx_word' id='word_1_39' title='bbox 1260 1109 1413 1201; x_wconf 82' lang='lat' dir='ltr'>poetriae</span> <span class='ocrx_word' id='word_1_40' title='bbox 1450 1115 1612 1200; x_wconf 91' lang='lat' dir='ltr'>parentes</span> 
     </span>
     <span class='ocr_line' id='line_1_7' title="bbox 355 1242 1656 1336; baseline -0.002 -20"><span class='ocrx_word' id='word_1_41' title='bbox 355 1243 515 1336; x_wconf 79' lang='lat' dir='ltr'>aequales</span> <span class='ocrx_word' id='word_1_42' title='bbox 556 1244 682 1317; x_wconf 86' lang='lat' dir='ltr'>fratres</span> <span class='ocrx_word' id='word_1_43' title='bbox 721 1244 983 1316; x_wconf 88' lang='lat' dir='ltr'>matrimonium</span> <span class='ocrx_word' id='word_1_44' title='bbox 1021 1244 1151 1316; x_wconf 90' lang='lat' dir='ltr'>amicas</span> <span class='ocrx_word' id='word_1_45' title='bbox 1190 1242 1381 1334; x_wconf 89' lang='lat' dir='ltr'>discipulas</span> <span class='ocrx_word' id='word_1_46' title='bbox 1426 1243 1611 1334; x_wconf 89' lang='lat' dir='ltr'>pertinent,</span> <span class='ocrx_word' id='word_1_47' title='bbox 1652 1281 1656 1288; x_wconf 93' lang='lat'><em>·</em></span> 
     </span>
     <span class='ocr_line' id='line_1_8' title="bbox 255 1357 1611 1470; baseline -0.002 -21"><span class='ocrx_word' id='word_1_48' title='bbox 255 1357 257 1362; x_wconf 37' lang='lat'>⁵</span> <span class='ocrx_word' id='word_1_49' title='bbox 357 1377 481 1451; x_wconf 87' lang='lat' dir='ltr'>collata</span> <span class='ocrx_word' id='word_1_50' title='bbox 506 1383 598 1451; x_wconf 92' lang='lat' dir='ltr'>sunt.</span> <span class='ocrx_word' id='word_1_51' title='bbox 625 1379 809 1450; x_wconf 87' lang='lat' dir='ltr'>Praeterea</span> <span class='ocrx_word' id='word_1_52' title='bbox 835 1376 1003 1468; x_wconf 88' lang='lat' dir='ltr'>quaedam</span> <span class='ocrx_word' id='word_1_53' title='bbox 1030 1399 1072 1449; x_wconf 88' lang='lat' dir='ltr'>ex</span> <span class='ocrx_word' id='word_1_54' title='bbox 1096 1377 1295 1470; x_wconf 88' lang='lat' dir='ltr'>antiquiore</span> <span class='ocrx_word' id='word_1_55' title='bbox 1319 1377 1426 1467; x_wconf 84' lang='lat' dir='ltr'>fonte,</span> <span class='ocrx_word' id='word_1_56' title='bbox 1453 1375 1611 1446; x_wconf 90' lang='lat' dir='ltr'>Maximo</span> 
     </span>
     <span class='ocr_line' id='line_1_9' title="bbox 356 1507 1613 1605; baseline -0.002 -23"><span class='ocrx_word' id='word_1_57' title='bbox 356 1509 460 1605; x_wconf 82' lang='lat' dir='ltr'>Tyrio</span> <span class='ocrx_word' id='word_1_58' title='bbox 499 1512 641 1583; x_wconf 88' lang='lat' dir='ltr'>rhetore</span> <span class='ocrx_word' id='word_1_59' title='bbox 678 1515 856 1602; x_wconf 90' lang='lat' dir='ltr'>petuntur,</span> <span class='ocrx_word' id='word_1_60' title='bbox 895 1511 956 1602; x_wconf 92' lang='lat' dir='ltr'>qui</span> <span class='ocrx_word' id='word_1_61' title='bbox 998 1508 1148 1583; x_wconf 91' lang='lat' dir='ltr'>secundo</span> <span class='ocrx_word' id='word_1_62' title='bbox 1187 1516 1267 1600; x_wconf 89' lang='lat' dir='ltr'>post</span> <span class='ocrx_word' id='word_1_63' title='bbox 1301 1509 1386 1583; x_wconf 86' lang='lat' dir='ltr'>Ghr.</span> <span class='ocrx_word' id='word_1_64' title='bbox 1415 1532 1449 1582; x_wconf 92' lang='lat' dir='ltr'>n.</span> <span class='ocrx_word' id='word_1_65' title='bbox 1477 1507 1613 1580; x_wconf 90' lang='lat' dir='ltr'>saeculo</span> 
     </span>
     <span class='ocr_line' id='line_1_10' title="bbox 252 1641 1615 1744; baseline -0.002 -26"><span class='ocrx_word' id='word_1_66' title='bbox 252 1641 254 1648; x_wconf 81' lang='lat'>&#39;</span> <span class='ocrx_word' id='word_1_67' title='bbox 355 1654 500 1720; x_wconf 84' lang='lat' dir='ltr'>exeunte</span> <span class='ocrx_word' id='word_1_68' title='bbox 524 1649 615 1721; x_wconf 85' lang='lat' dir='ltr'>vixit</span> <span class='ocrx_word' id='word_1_69' title='bbox 640 1653 676 1720; x_wconf 90' lang='lat' dir='ltr'>et</span> <span class='ocrx_word' id='word_1_70' title='bbox 701 1669 749 1719; x_wconf 91' lang='lat' dir='ltr'>cc.</span> <span class='ocrx_word' id='word_1_71' title='bbox 776 1651 811 1744; x_wconf 73' lang='grc'>7,</span> <span class='ocrx_word' id='word_1_72' title='bbox 839 1649 860 1718; x_wconf 87' lang='grc'>9</span> <span class='ocrx_word' id='word_1_73' title='bbox 888 1644 1145 1719; x_wconf 88' lang='lat' dir='ltr'>dissertationis</span> <span class='ocrx_word' id='word_1_74' title='bbox 1172 1645 1301 1737; x_wconf 86' lang='lat' dir='ltr'>XXIV,</span> <span class='ocrx_word' id='word_1_75' title='bbox 1331 1667 1422 1738; x_wconf 89' lang='lat' dir='ltr'>quae</span> <span class='ocrx_word' id='word_1_76' title='bbox 1447 1643 1615 1716; x_wconf 84' lang='lat' dir='ltr'>inscribi-</span> 
     </span>
     <span class='ocr_line' id='line_1_11' title="bbox 357 1773 1613 1886; baseline -0.001 -37"><span class='ocrx_word' id='word_1_77' title='bbox 357 1781 426 1853; x_wconf 91' lang='lat' dir='ltr'>tur:</span> <span class='ocrx_word' id='word_1_78' title='bbox 461 1779 534 1868; x_wconf 84' lang='grc' dir='ltr'>Τίς</span> <span class='ocrx_word' id='word_1_79' title='bbox 559 1779 583 1872; x_wconf 72' lang='grc' dir='ltr'><em>ἡ</em></span> <span class='ocrx_word' id='word_1_80' title='bbox 610 1775 876 1886; x_wconf 66' lang='grc' dir='ltr'><em>Σωκράτους</em></span> <span class='ocrx_word' id='word_1_81' title='bbox 902 1773 1094 1885; x_wconf 64' lang='grc' dir='ltr'>ἐρωτική,</span> <span class='ocrx_word' id='word_1_82' title='bbox 1120 1778 1227 1851; x_wconf 89' lang='lat' dir='ltr'>etiam</span> <span class='ocrx_word' id='word_1_83' title='bbox 1240 1778 1403 1871; x_wconf 85' lang='lat' dir='ltr'>Sapphus</span> <span class='ocrx_word' id='word_1_84' title='bbox 1418 1779 1613 1850; x_wconf 84' lang='lat' dir='ltr'>carminum</span> 
     </span>
     <span class='ocr_line' id='line_1_12' title="bbox 357 1915 951 2007; baseline -0.003 -20"><span class='ocrx_word' id='word_1_85' title='bbox 357 1916 491 2007; x_wconf 85' lang='lat' dir='ltr'>aliquot</span> <span class='ocrx_word' id='word_1_86' title='bbox 514 1915 712 2006; x_wconf 84' lang='lat' dir='ltr'>fragmenta</span> <span class='ocrx_word' id='word_1_87' title='bbox 737 1915 890 1987; x_wconf 88' lang='lat' dir='ltr'>servavit</span> <span class='ocrx_word' id='word_1_88' title='bbox 927 1917 951 2006; x_wconf 88' lang='lat'>).</span> 
     </span>
    </p>
   </div>
   <div class='ocr_carea' id='block_1_3' title="bbox 455 2048 1717 2144">
    <p class='ocr_par' dir='ltr' id='par_1_3' title="bbox 455 2048 1717 2144">
     <span class='ocr_line' id='line_1_13' title="bbox 455 2048 1717 2144; baseline -0.006 -23"><span class='ocrx_word' id='word_1_89' title='bbox 455 2050 585 2122; x_wconf 92' lang='lat' dir='ltr'>Iamsi</span> <span class='ocrx_word' id='word_1_90' title='bbox 612 2048 742 2143; x_wconf 90' lang='lat' dir='ltr'>Ovidii,</span> <span class='ocrx_word' id='word_1_91' title='bbox 770 2050 918 2122; x_wconf 86' lang='lat' dir='ltr'>Maximi</span> <span class='ocrx_word' id='word_1_92' title='bbox 944 2049 1050 2144; x_wconf 76' lang='lat' dir='ltr'>Tyrii,</span> <span class='ocrx_word' id='word_1_93' title='bbox 1077 2049 1205 2124; x_wconf 87' lang='lat' dir='ltr'>Suidae</span> <span class='ocrx_word' id='word_1_94' title='bbox 1238 2049 1280 2122; x_wconf 94' lang='lat' dir='ltr'>de</span> <span class='ocrx_word' id='word_1_95' title='bbox 1304 2049 1490 2143; x_wconf 85' lang='lat' dir='ltr'>Sapphone</span> <span class='ocrx_word' id='word_1_96' title='bbox 1515 2051 1613 2123; x_wconf 90' lang='lat' dir='ltr'>testi-</span> <span class='ocrx_word' id='word_1_97' title='bbox 1713 2091 1717 2114; x_wconf 83' lang='lat'>.</span> 
     </span>
    </p>
   </div>
   <div class='ocr_carea' id='block_1_4' title="bbox 226 2166 1697 4029">
    <p class='ocr_par' dir='ltr' id='par_1_4' title="bbox 226 2166 1697 4029">
     <span class='ocr_line' id='line_1_14' title="bbox 357 2166 1614 2294; baseline -0.001 -37"><span class='ocrx_word' id='word_1_98' title='bbox 357 2186 473 2257; x_wconf 89' lang='lat' dir='ltr'>monia</span> <span class='ocrx_word' id='word_1_99' title='bbox 498 2185 591 2257; x_wconf 91' lang='lat' dir='ltr'>inter</span> <span class='ocrx_word' id='word_1_100' title='bbox 628 2206 665 2256; x_wconf 88' lang='lat' dir='ltr'>se</span> <span class='ocrx_word' id='word_1_101' title='bbox 692 2205 943 2277; x_wconf 90' lang='lat' dir='ltr'>comparamus,</span> <span class='ocrx_word' id='word_1_102' title='bbox 983 2166 1153 2294; x_wconf 84' lang='lat' dir='ltr'>quaedam</span> <span class='ocrx_word' id='word_1_103' title='bbox 1190 2207 1232 2257; x_wconf 83' lang='lat' dir='ltr'>ex</span> <span class='ocrx_word' id='word_1_104' title='bbox 1258 2206 1326 2257; x_wconf 92' lang='lat' dir='ltr'>uno</span> <span class='ocrx_word' id='word_1_105' title='bbox 1352 2189 1455 2277; x_wconf 91' lang='lat' dir='ltr'>atque</span> <span class='ocrx_word' id='word_1_106' title='bbox 1496 2183 1614 2257; x_wconf 88' lang='lat' dir='ltr'>eodem</span> 
     </span>
     <span class='ocr_line' id='line_1_15' title="bbox 356 2286 1614 2412; baseline 0 -23"><span class='ocrx_word' id='word_1_107' title='bbox 356 2318 461 2412; x_wconf 91' lang='lat' dir='ltr'>fonte,</span> <span class='ocrx_word' id='word_1_108' title='bbox 488 2319 631 2390; x_wconf 91' lang='lat' dir='ltr'>minime</span> <span class='ocrx_word' id='word_1_109' title='bbox 655 2339 737 2392; x_wconf 86' lang='lat' dir='ltr'>vero</span> <span class='ocrx_word' id='word_1_110' title='bbox 763 2340 804 2389; x_wconf 86' lang='lat' dir='ltr'>ex</span> <span class='ocrx_word' id='word_1_111' title='bbox 829 2318 914 2408; x_wconf 88' lang='lat' dir='ltr'>ipsis</span> <span class='ocrx_word' id='word_1_112' title='bbox 929 2319 1082 2408; x_wconf 88' lang='lat' dir='ltr'>poetriae</span> <span class='ocrx_word' id='word_1_113' title='bbox 1095 2286 1476 2410; x_wconf 73' lang='lat' dir='ltr'>carminibushuxisse</span> <span class='ocrx_word' id='word_1_114' title='bbox 1488 2317 1614 2409; x_wconf 92' lang='lat' dir='ltr'>proba-</span> 
     </span>
     <span class='ocr_line' id='line_1_16' title="bbox 357 2448 1612 2559; baseline -0.002 -34"><span class='ocrx_word' id='word_1_115' title='bbox 357 2452 426 2525; x_wconf 92' lang='lat' dir='ltr'>bile</span> <span class='ocrx_word' id='word_1_116' title='bbox 450 2451 500 2525; x_wconf 87' lang='lat' dir='ltr'>fit.</span> <span class='ocrx_word' id='word_1_117' title='bbox 528 2452 594 2559; x_wconf 82' lang='lat' dir='ltr'>Ita,</span> <span class='ocrx_word' id='word_1_118' title='bbox 621 2459 661 2525; x_wconf 90' lang='lat' dir='ltr'>ut</span> <span class='ocrx_word' id='word_1_119' title='bbox 686 2472 793 2542; x_wconf 88' lang='lat' dir='ltr'>supra</span> <span class='ocrx_word' id='word_1_120' title='bbox 818 2448 982 2543; x_wconf 85' lang='lat' dir='ltr'>vidimus,</span> <span class='ocrx_word' id='word_1_121' title='bbox 1010 2450 1158 2526; x_wconf 87' lang='lat' dir='ltr'>Ovidius</span> <span class='ocrx_word' id='word_1_122' title='bbox 1185 2475 1240 2525; x_wconf 91' lang='lat' dir='ltr'>vv.</span> <span class='ocrx_word' id='word_1_123' title='bbox 1258 2455 1316 2544; x_wconf 87' lang='lat'>33,</span> <span class='ocrx_word' id='word_1_124' title='bbox 1333 2456 1378 2525; x_wconf 84' lang='lat'>35</span> <span class='ocrx_word' id='word_1_125' title='bbox 1393 2451 1612 2543; x_wconf 87' lang='lat' dir='ltr'>Sapphonem</span> 
     </span>
     <span class='ocr_line' id='line_1_17' title="bbox 358 2584 1615 2677; baseline -0.003 -18"><span class='ocrx_word' id='word_1_126' title='bbox 358 2586 504 2660; x_wconf 86' lang='lat' dir='ltr'>brevi</span> <span class='ocrx_word' id='word_1_127' title='bbox 531 2585 1496 2677; x_wconf 68' lang='lat' dir='ltr'>staturaetfuscocolorefuissetestatum</span> <span class='ocrx_word' id='word_1_128' title='bbox 1524 2584 1615 2657; x_wconf 90' lang='lat' dir='ltr'>idem</span> 
     </span>
     <span class='ocr_line' id='line_1_18' title="bbox 359 2715 1614 2814; baseline -0.002 -22"><span class='ocrx_word' id='word_1_129' title='bbox 359 2717 450 2811; x_wconf 89' lang='lat' dir='ltr'>apud</span> <span class='ocrx_word' id='word_1_130' title='bbox 488 2720 682 2792; x_wconf 86' lang='lat' dir='ltr'>Maximum</span> <span class='ocrx_word' id='word_1_131' title='bbox 720 2719 742 2790; x_wconf 94' lang='lat' dir='ltr'>l.</span> <span class='ocrx_word' id='word_1_132' title='bbox 772 2718 795 2790; x_wconf 98' lang='lat' dir='ltr'>l.</span> <span class='ocrx_word' id='word_1_133' title='bbox 825 2741 852 2792; x_wconf 91' lang='lat' dir='ltr'>c.</span> <span class='ocrx_word' id='word_1_134' title='bbox 882 2725 901 2791; x_wconf 88' lang='grc'><strong>7</strong></span> <span class='ocrx_word' id='word_1_135' title='bbox 929 2720 1089 2791; x_wconf 82' lang='lat' dir='ltr'>recurrit:</span> <span class='ocrx_word' id='word_1_136' title='bbox 1129 2721 1340 2814; x_wconf 71' lang='grc' dir='ltr'><em>Σαπφοῦς</em></span> <span class='ocrx_word' id='word_1_137' title='bbox 1378 2720 1451 2812; x_wconf 62' lang='grc' dir='ltr'>τῆς</span> <span class='ocrx_word' id='word_1_138' title='bbox 1490 2715 1614 2814; x_wconf 79' lang='grc' dir='ltr'><em>καλῆς</em></span> 
     </span>
     <span class='ocr_line' id='line_1_19' title="bbox 360 2841 1697 2960; baseline 0 -37"><span class='ocrx_word' id='word_1_139' title='bbox 360 2841 501 2944; x_wconf 63' lang='grc' dir='ltr'>(οὕτω</span> <span class='ocrx_word' id='word_1_140' title='bbox 532 2842 617 2956; x_wconf 70' lang='grc' dir='ltr'>γάρ</span> <span class='ocrx_word' id='word_1_141' title='bbox 644 2841 779 2944; x_wconf 67' lang='grc' dir='ltr'><em>αιίαήν</em></span> <span class='ocrx_word' id='word_1_142' title='bbox 813 2847 1031 2950; x_wconf 77' lang='grc' dir='ltr'><em>δνομάῖων</em></span> <span class='ocrx_word' id='word_1_143' title='bbox 1070 2849 1212 2960; x_wconf 86' lang='grc' dir='ltr'><em>χαίρει</em></span> <span class='ocrx_word' id='word_1_144' title='bbox 1253 2853 1314 2946; x_wconf 88' lang='lat' dir='ltr'>(sc.</span> <span class='ocrx_word' id='word_1_145' title='bbox 1341 2851 1440 2926; x_wconf 88' lang='lat' dir='ltr'>Plato</span> <span class='ocrx_word' id='word_1_146' title='bbox 1465 2851 1613 2926; x_wconf 90' lang='lat' dir='ltr'>Phaedr.</span> <span class='ocrx_word' id='word_1_147' title='bbox 1694 2844 1697 2852; x_wconf 79' lang='grc'><strong>’</strong></span> 
     </span>
     <span class='ocr_line' id='line_1_20' title="bbox 358 2974 1615 3088; baseline 0 -30"><span class='ocrx_word' id='word_1_148' title='bbox 358 2993 392 3077; x_wconf 90' lang='lat' dir='ltr'>p.</span> <span class='ocrx_word' id='word_1_149' title='bbox 421 2989 491 3058; x_wconf 82' lang='lat'>235</span> <span class='ocrx_word' id='word_1_150' title='bbox 519 2984 562 3078; x_wconf 82' lang='lat' dir='ltr'>O)</span> <span class='ocrx_word' id='word_1_151' title='bbox 590 2976 662 3059; x_wconf 78' lang='grc' dir='ltr'>δια</span> <span class='ocrx_word' id='word_1_152' title='bbox 688 2976 765 3076; x_wconf 66' lang='grc' dir='ltr'>τήν</span> <span class='ocrx_word' id='word_1_153' title='bbox 790 2974 904 3080; x_wconf 80' lang='grc' dir='ltr'><em>ὥραν</em></span> <span class='ocrx_word' id='word_1_154' title='bbox 931 2986 1016 3060; x_wconf 73' lang='lat' dir='ltr'>raia</span> <span class='ocrx_word' id='word_1_155' title='bbox 1042 2977 1192 3080; x_wconf 75' lang='grc' dir='ltr'><strong>μελῶν,</strong></span> <span class='ocrx_word' id='word_1_156' title='bbox 1225 2985 1369 3061; x_wconf 67' lang='grc' dir='ltr'><em>καίτοι</em></span> <span class='ocrx_word' id='word_1_157' title='bbox 1399 2985 1615 3088; x_wconf 76' lang='grc' dir='ltr'><em>μικράν</em></span> 
     </span>
     <span class='ocr_line' id='line_1_21' title="bbox 359 3109 1617 3216; baseline 0.001 -25"><span class='ocrx_word' id='word_1_158' title='bbox 359 3111 541 3194; x_wconf 75' lang='grc' dir='ltr'><em>οὖσαν</em></span> <span class='ocrx_word' id='word_1_159' title='bbox 581 3119 672 3192; x_wconf 83' lang='grc' dir='ltr'>καί</span> <span class='ocrx_word' id='word_1_160' title='bbox 711 3109 1008 3216; x_wconf 78' lang='grc' dir='ltr'><em>μέλαιναν.</em></span> <span class='ocrx_word' id='word_1_161' title='bbox 1049 3119 1250 3192; x_wconf 86' lang='lat' dir='ltr'>Novissima</span> <span class='ocrx_word' id='word_1_162' title='bbox 1288 3119 1395 3193; x_wconf 89' lang='lat' dir='ltr'>verba</span> <span class='ocrx_word' id='word_1_163' title='bbox 1433 3122 1548 3212; x_wconf 90' lang='lat' dir='ltr'>potius</span> <span class='ocrx_word' id='word_1_164' title='bbox 1574 3141 1617 3192; x_wconf 84' lang='lat' dir='ltr'>ex</span> 
     </span>
     <span class='ocr_line' id='line_1_22' title="bbox 359 3251 1614 3364; baseline -0.003 -37"><span class='ocrx_word' id='word_1_165' title='bbox 359 3255 433 3328; x_wconf 81' lang='lat' dir='ltr'>vita</span> <span class='ocrx_word' id='word_1_166' title='bbox 458 3251 608 3345; x_wconf 86' lang='lat' dir='ltr'>quadam</span> <span class='ocrx_word' id='word_1_167' title='bbox 635 3274 739 3364; x_wconf 78' lang='lat' dir='ltr'>quam</span> <span class='ocrx_word' id='word_1_168' title='bbox 765 3276 806 3326; x_wconf 83' lang='lat' dir='ltr'>ex</span> <span class='ocrx_word' id='word_1_169' title='bbox 832 3251 1013 3326; x_wconf 90' lang='lat' dir='ltr'>comoediis</span> <span class='ocrx_word' id='word_1_170' title='bbox 1033 3259 1172 3344; x_wconf 91' lang='lat' dir='ltr'>sumpta</span> <span class='ocrx_word' id='word_1_171' title='bbox 1185 3274 1260 3325; x_wconf 88' lang='lat' dir='ltr'>esse</span> <span class='ocrx_word' id='word_1_172' title='bbox 1273 3253 1360 3325; x_wconf 94' lang='lat' dir='ltr'>mihi</span> <span class='ocrx_word' id='word_1_173' title='bbox 1374 3252 1560 3330; x_wconf 71' lang='lat' dir='ltr'>concedes*</span> <span class='ocrx_word' id='word_1_174' title='bbox 1567 3253 1614 3346; x_wconf 69' lang='grc'>1).</span> 
     </span>
     <span class='ocr_line' id='line_1_23' title="bbox 359 3365 1614 3478; baseline 0.003 -22"><span class='ocrx_word' id='word_1_175' title='bbox 359 3386 467 3458; x_wconf 91' lang='lat' dir='ltr'>Porro</span> <span class='ocrx_word' id='word_1_176' title='bbox 493 3387 584 3459; x_wconf 86' lang='lat' dir='ltr'>inter</span> <span class='ocrx_word' id='word_1_177' title='bbox 610 3385 772 3477; x_wconf 86' lang='lat' dir='ltr'>Sapphus</span> <span class='ocrx_word' id='word_1_178' title='bbox 798 3383 985 3477; x_wconf 86' lang='lat' dir='ltr'>discipulas</span> <span class='ocrx_word' id='word_1_179' title='bbox 1012 3393 1117 3478; x_wconf 90' lang='lat' dir='ltr'>atque</span> <span class='ocrx_word' id='word_1_180' title='bbox 1142 3365 1272 3459; x_wconf 87' lang='lat' dir='ltr'>amicas</span> <span class='ocrx_word' id='word_1_181' title='bbox 1298 3387 1342 3460; x_wconf 91' lang='lat' dir='ltr'>ab</span> <span class='ocrx_word' id='word_1_182' title='bbox 1369 3386 1495 3461; x_wconf 89' lang='lat' dir='ltr'>Ovidio</span> <span class='ocrx_word' id='word_1_183' title='bbox 1519 3411 1551 3461; x_wconf 88' lang='lat' dir='ltr'>v.</span> <span class='ocrx_word' id='word_1_184' title='bbox 1571 3391 1614 3460; x_wconf 85' lang='lat'>17</span> 
     </span>
     <span class='ocr_line' id='line_1_24' title="bbox 362 3518 1616 3615; baseline 0.002 -25"><span class='ocrx_word' id='word_1_185' title='bbox 362 3520 648 3592; x_wconf 84' lang='lat' dir='ltr'>Anactorie</span> <span class='ocrx_word' id='word_1_186' title='bbox 673 3540 808 3610; x_wconf 88' lang='lat' dir='ltr'>quoqne</span> <span class='ocrx_word' id='word_1_187' title='bbox 836 3525 1050 3610; x_wconf 91' lang='lat' dir='ltr'>numeratur,</span> <span class='ocrx_word' id='word_1_188' title='bbox 1090 3518 1181 3610; x_wconf 92' lang='lat' dir='ltr'>quod</span> <span class='ocrx_word' id='word_1_189' title='bbox 1206 3541 1332 3595; x_wconf 92' lang='lat' dir='ltr'>nomen</span> <span class='ocrx_word' id='word_1_190' title='bbox 1370 3521 1465 3615; x_wconf 89' lang='lat' dir='ltr'>apud</span> <span class='ocrx_word' id='word_1_191' title='bbox 1502 3522 1616 3594; x_wconf 85' lang='lat' dir='ltr'>Maxi-</span> 
     </span>
     <span class='ocr_line' id='line_1_25' title="bbox 234 3642 1617 3767; baseline 0.003 -42"><span class='ocrx_word' id='word_1_192' title='bbox 234 3753 237 3767; x_wconf 17' lang='lat'>*</span> <span class='ocrx_word' id='word_1_193' title='bbox 359 3675 455 3726; x_wconf 92' lang='lat' dir='ltr'>mum</span> <span class='ocrx_word' id='word_1_194' title='bbox 481 3652 541 3725; x_wconf 93' lang='lat' dir='ltr'>l.l.</span> <span class='ocrx_word' id='word_1_195' title='bbox 570 3656 636 3725; x_wconf 86' lang='lat' dir='ltr'>o.9</span> <span class='ocrx_word' id='word_1_196' title='bbox 662 3654 823 3726; x_wconf 90' lang='lat' dir='ltr'>recurrit:</span> <span class='ocrx_word' id='word_1_197' title='bbox 851 3642 954 3741; x_wconf 61' lang='grc' dir='ltr'>ὅαι,</span> <span class='ocrx_word' id='word_1_198' title='bbox 984 3653 1109 3745; x_wconf 92' lang='lat' dir='ltr'>inquit,</span> <span class='ocrx_word' id='word_1_199' title='bbox 1136 3651 1272 3757; x_wconf 79' lang='grc' dir='ltr'><em>ἐκείνῳ</em></span> <span class='ocrx_word' id='word_1_200' title='bbox 1294 3657 1355 3748; x_wconf 81' lang='lat' dir='ltr'>(sc.</span> <span class='ocrx_word' id='word_1_201' title='bbox 1372 3656 1436 3759; x_wconf 68' lang='grc' dir='ltr'>τῷ</span> <span class='ocrx_word' id='word_1_202' title='bbox 1447 3651 1617 3760; x_wconf 84' lang='grc' dir='ltr'><em>Σωκρά·</em></span> 
     </span>
     <span class='ocr_line' id='line_1_26' title="bbox 226 3775 1615 3896; baseline 0.001 -38"><span class='ocrx_word' id='word_1_203' title='bbox 226 3781 228 3788; x_wconf 84' lang='grc'><strong>’</strong></span> <span class='ocrx_word' id='word_1_204' title='bbox 361 3790 441 3880; x_wconf 70' lang='lat' dir='ltr'>rec)</span> <span class='ocrx_word' id='word_1_205' title='bbox 469 3775 733 3879; x_wconf 67' lang='grc' dir='ltr'>Ἀλκιβιάδης</span> <span class='ocrx_word' id='word_1_206' title='bbox 762 3784 827 3860; x_wconf 76' lang='grc' dir='ltr'>καί</span> <span class='ocrx_word' id='word_1_207' title='bbox 859 3775 1081 3885; x_wconf 82' lang='grc' dir='ltr'><em>Χαρμίδης</em></span> <span class='ocrx_word' id='word_1_208' title='bbox 1122 3786 1189 3859; x_wconf 80' lang='grc' dir='ltr'>καὶ</span> <span class='ocrx_word' id='word_1_209' title='bbox 1227 3776 1430 3896; x_wconf 83' lang='grc' dir='ltr'><em>Φαῖδρος,</em></span> <span class='ocrx_word' id='word_1_210' title='bbox 1470 3791 1615 3864; x_wconf 63' lang='grc' dir='ltr'>τοῦτο</span> 
     </span>
     <span class='ocr_line' id='line_1_27' title="bbox 360 3914 1617 4029; baseline -0.002 -32"><span class='ocrx_word' id='word_1_211' title='bbox 360 3923 410 4007; x_wconf 69' lang='lat' dir='ltr'>ri</span> <span class='ocrx_word' id='word_1_212' title='bbox 437 3919 585 4028; x_wconf 72' lang='grc' dir='ltr'><em>Λεσβία</em></span> <span class='ocrx_word' id='word_1_213' title='bbox 610 3914 795 4027; x_wconf 77' lang='grc' dir='ltr'>Ι1ίριννα</span> <span class='ocrx_word' id='word_1_214' title='bbox 821 3919 888 3993; x_wconf 79' lang='grc' dir='ltr'>καί</span> <span class='ocrx_word' id='word_1_215' title='bbox 914 3919 1065 4008; x_wconf 63' lang='grc' dir='ltr'><em>Ἀτθὶς</em></span> <span class='ocrx_word' id='word_1_216' title='bbox 1088 3918 1153 3992; x_wconf 82' lang='grc' dir='ltr'>καί</span> <span class='ocrx_word' id='word_1_217' title='bbox 1167 3915 1420 4029; x_wconf 68' lang='grc' dir='ltr'><em>Ἀνακαορία.</em></span> <span class='ocrx_word' id='word_1_218' title='bbox 1448 3923 1617 3997; x_wconf 87' lang='lat' dir='ltr'>Attamen</span> 
     </span>
    </p>
   </div>
   <div class='ocr_carea' id='block_1_5' title="bbox 286 4213 1617 4826">
    <p class='ocr_par' dir='ltr' id='par_1_5' title="bbox 467 4213 1356 4287">
     <span class='ocr_line' id='line_1_28' title="bbox 467 4213 1356 4287; baseline 0.001 -15"><span class='ocrx_word' id='word_1_219' title='bbox 467 4215 490 4282; x_wconf 81' lang='grc'>*)</span> <span class='ocrx_word' id='word_1_220' title='bbox 508 4214 575 4272; x_wconf 81' lang='lat' dir='ltr'>lide</span> <span class='ocrx_word' id='word_1_221' title='bbox 594 4214 667 4283; x_wconf 86' lang='lat' dir='ltr'>opud</span> <span class='ocrx_word' id='word_1_222' title='bbox 686 4213 835 4282; x_wconf 82' lang='lat' dir='ltr'>Berghium</span> <span class='ocrx_word' id='word_1_223' title='bbox 853 4213 943 4282; x_wconf 74' lang='lat' dir='ltr'>trouu.</span> <span class='ocrx_word' id='word_1_224' title='bbox 965 4215 1008 4286; x_wconf 82' lang='lat'>34,</span> <span class='ocrx_word' id='word_1_225' title='bbox 1026 4216 1070 4286; x_wconf 84' lang='grc'>42,</span> <span class='ocrx_word' id='word_1_226' title='bbox 1090 4216 1133 4286; x_wconf 84' lang='grc'>74,</span> <span class='ocrx_word' id='word_1_227' title='bbox 1152 4215 1195 4286; x_wconf 83' lang='grc'><strong>81,</strong></span> <span class='ocrx_word' id='word_1_228' title='bbox 1217 4217 1276 4287; x_wconf 85' lang='grc'><strong>125,</strong></span> <span class='ocrx_word' id='word_1_229' title='bbox 1297 4216 1356 4273; x_wconf 84' lang='grc'><strong>133.</strong></span> 
     </span>
    </p>

    <p class='ocr_par' dir='ltr' id='par_1_6' title="bbox 286 4303 1617 4826">
     <span class='ocr_line' id='line_1_29' title="bbox 454 4303 1616 4380; baseline 0.004 -21"><span class='ocrx_word' id='word_1_230' title='bbox 454 4303 491 4372; x_wconf 72' lang='lat'>⁸⁸)</span> <span class='ocrx_word' id='word_1_231' title='bbox 508 4305 577 4361; x_wconf 86' lang='lat' dir='ltr'>Birt.</span> <span class='ocrx_word' id='word_1_232' title='bbox 597 4305 699 4373; x_wconf 80' lang='lat' dir='ltr'>1.l.p.</span> <span class='ocrx_word' id='word_1_233' title='bbox 719 4305 772 4362; x_wconf 87' lang='grc'>432</span> <span class='ocrx_word' id='word_1_234' title='bbox 800 4306 945 4371; x_wconf 87' lang='lat' dir='ltr'>utrumque</span> <span class='ocrx_word' id='word_1_235' title='bbox 973 4305 1064 4360; x_wconf 88' lang='lat' dir='ltr'>locum</span> <span class='ocrx_word' id='word_1_236' title='bbox 1083 4319 1245 4374; x_wconf 83' lang='lat' dir='ltr'>comparens</span> <span class='ocrx_word' id='word_1_237' title='bbox 1263 4304 1413 4361; x_wconf 75' lang='lat' dir='ltr'>hammum</span> <span class='ocrx_word' id='word_1_238' title='bbox 1431 4306 1547 4380; x_wconf 72' lang='lat' dir='ltr'>cyrium</span> <span class='ocrx_word' id='word_1_239' title='bbox 1566 4323 1616 4364; x_wconf 89' lang='lat' dir='ltr'>sna</span> 
     </span>
     <span class='ocr_line' id='line_1_30' title="bbox 360 4391 1616 4468; baseline 0.001 -17"><span class='ocrx_word' id='word_1_240' title='bbox 360 4409 393 4451; x_wconf 85' lang='lat' dir='ltr'>ex</span> <span class='ocrx_word' id='word_1_241' title='bbox 411 4395 464 4451; x_wconf 88' lang='lat' dir='ltr'>hac</span> <span class='ocrx_word' id='word_1_242' title='bbox 482 4393 592 4461; x_wconf 88' lang='lat' dir='ltr'>quidem</span> <span class='ocrx_word' id='word_1_243' title='bbox 619 4391 740 4462; x_wconf 87' lang='lat' dir='ltr'>epistula</span> <span class='ocrx_word' id='word_1_244' title='bbox 768 4392 967 4463; x_wconf 87' lang='lat' dir='ltr'>deprompsisse</span> <span class='ocrx_word' id='word_1_245' title='bbox 992 4394 1083 4464; x_wconf 78' lang='lat' dir='ltr'>nogat,</span> <span class='ocrx_word' id='word_1_246' title='bbox 1102 4408 1220 4460; x_wconf 88' lang='lat' dir='ltr'>quonam</span> <span class='ocrx_word' id='word_1_247' title='bbox 1239 4408 1304 4451; x_wconf 88' lang='lat' dir='ltr'>voro</span> <span class='ocrx_word' id='word_1_248' title='bbox 1323 4394 1399 4450; x_wconf 83' lang='lat' dir='ltr'>fonto</span> <span class='ocrx_word' id='word_1_249' title='bbox 1418 4395 1468 4452; x_wconf 89' lang='lat' dir='ltr'>illo</span> <span class='ocrx_word' id='word_1_250' title='bbox 1487 4411 1552 4452; x_wconf 89' lang='lat' dir='ltr'>usus</span> <span class='ocrx_word' id='word_1_251' title='bbox 1570 4397 1616 4468; x_wconf 89' lang='lat' dir='ltr'>sit,</span> 
     </span>
     <span class='ocr_line' id='line_1_31' title="bbox 286 4481 1617 4555; baseline 0.002 -17"><span class='ocrx_word' id='word_1_252' title='bbox 286 4497 292 4508; x_wconf 93' lang='lat'><strong>·</strong></span> <span class='ocrx_word' id='word_1_253' title='bbox 360 4483 518 4538; x_wconf 86' lang='lat' dir='ltr'>accuratius</span> <span class='ocrx_word' id='word_1_254' title='bbox 536 4496 592 4537; x_wconf 90' lang='lat' dir='ltr'>non</span> <span class='ocrx_word' id='word_1_255' title='bbox 609 4481 743 4554; x_wconf 85' lang='lat' dir='ltr'>declarat,</span> <span class='ocrx_word' id='word_1_256' title='bbox 761 4481 818 4536; x_wconf 90' lang='lat' dir='ltr'>nisi</span> <span class='ocrx_word' id='word_1_257' title='bbox 835 4482 908 4538; x_wconf 86' lang='lat' dir='ltr'>forto</span> <span class='ocrx_word' id='word_1_258' title='bbox 928 4498 960 4538; x_wconf 82' lang='lat' dir='ltr'>ex</span> <span class='ocrx_word' id='word_1_259' title='bbox 979 4482 1108 4552; x_wconf 71' lang='lat' dir='ltr'>itaquae</span> <span class='ocrx_word' id='word_1_260' title='bbox 1129 4482 1303 4555; x_wconf 87' lang='lat' dir='ltr'>antecedunt,</span> <span class='ocrx_word' id='word_1_261' title='bbox 1322 4482 1521 4540; x_wconf 75' lang='lat' dir='ltr'>Callimachum</span> <span class='ocrx_word' id='word_1_262' title='bbox 1540 4501 1557 4540; x_wconf 86' lang='lat' dir='ltr'>o</span> <span class='ocrx_word' id='word_1_263' title='bbox 1575 4501 1617 4541; x_wconf 88' lang='lat' dir='ltr'>so·</span> 
     </span>
     <span class='ocr_line' id='line_1_32' title="bbox 359 4572 1617 4643; baseline 0.002 -16"><span class='ocrx_word' id='word_1_264' title='bbox 359 4573 454 4642; x_wconf 87' lang='lat' dir='ltr'>phista</span> <span class='ocrx_word' id='word_1_265' title='bbox 473 4573 652 4642; x_wconf 88' lang='lat' dir='ltr'>compilatum</span> <span class='ocrx_word' id='word_1_266' title='bbox 672 4586 729 4628; x_wconf 83' lang='lat' dir='ltr'>osse</span> <span class='ocrx_word' id='word_1_267' title='bbox 748 4573 861 4630; x_wconf 86' lang='lat' dir='ltr'>statues.</span> <span class='ocrx_word' id='word_1_268' title='bbox 873 4602 905 4612; x_wconf 84' lang='lat'><em>-</em></span> <span class='ocrx_word' id='word_1_269' title='bbox 917 4574 953 4628; x_wconf 82' lang='lat' dir='ltr'>lle</span> <span class='ocrx_word' id='word_1_270' title='bbox 972 4572 1176 4643; x_wconf 87' lang='lat' dir='ltr'>1·atione,quae</span> <span class='ocrx_word' id='word_1_271' title='bbox 1195 4572 1270 4628; x_wconf 88' lang='lat' dir='ltr'>inter</span> <span class='ocrx_word' id='word_1_272' title='bbox 1287 4573 1435 4630; x_wconf 82' lang='lat' dir='ltr'>llaximum</span> <span class='ocrx_word' id='word_1_273' title='bbox 1454 4574 1569 4642; x_wconf 72' lang='lat' dir='ltr'>&#39;lycium</span> <span class='ocrx_word' id='word_1_274' title='bbox 1588 4577 1617 4630; x_wconf 90' lang='lat' dir='ltr'>et</span> 
     </span>
     <span class='ocr_line' id='line_1_33' title="bbox 362 4661 1615 4733; baseline 0.001 -14"><span class='ocrx_word' id='word_1_275' title='bbox 362 4661 487 4721; x_wconf 82' lang='lat' dir='ltr'>Ovidium</span> <span class='ocrx_word' id='word_1_276' title='bbox 506 4661 662 4733; x_wconf 84' lang='lat' dir='ltr'>intercedit,</span> <span class='ocrx_word' id='word_1_277' title='bbox 690 4662 849 4718; x_wconf 85' lang='lat' dir='ltr'>accuratius</span> <span class='ocrx_word' id='word_1_278' title='bbox 877 4661 1032 4731; x_wconf 71' lang='lat' dir='ltr'>disputavit</span> <span class='ocrx_word' id='word_1_279' title='bbox 1049 4662 1168 4717; x_wconf 88' lang='lat' dir='ltr'>llolland</span> <span class='ocrx_word' id='word_1_280' title='bbox 1186 4661 1217 4718; x_wconf 89' lang='lat' dir='ltr'>in</span> <span class='ocrx_word' id='word_1_281' title='bbox 1237 4663 1396 4732; x_wconf 76' lang='lat' dir='ltr'>«Leipzigor</span> <span class='ocrx_word' id='word_1_282' title='bbox 1415 4663 1545 4722; x_wconf 80' lang='lat' dir='ltr'>Studien»</span> <span class='ocrx_word' id='word_1_283' title='bbox 1566 4666 1615 4720; x_wconf 83' lang='lat' dir='ltr'>llll</span> 
     </span>
     <span class='ocr_line' id='line_1_34' title="bbox 360 4752 1502 4826; baseline 0.001 -15"><span class='ocrx_word' id='word_1_284' title='bbox 360 4768 387 4824; x_wconf 92' lang='lat' dir='ltr'>p.</span> <span class='ocrx_word' id='word_1_285' title='bbox 408 4756 469 4826; x_wconf 90' lang='grc'><strong>282;</strong></span> <span class='ocrx_word' id='word_1_286' title='bbox 488 4754 566 4809; x_wconf 89' lang='lat' dir='ltr'>onius</span> <span class='ocrx_word' id='word_1_287' title='bbox 585 4752 781 4823; x_wconf 81' lang='lat' dir='ltr'>disputationis</span> <span class='ocrx_word' id='word_1_288' title='bbox 799 4753 930 4809; x_wconf 86' lang='lat' dir='ltr'>notitiam</span> <span class='ocrx_word' id='word_1_289' title='bbox 949 4755 1037 4809; x_wconf 83' lang='lat' dir='ltr'>solnm</span> <span class='ocrx_word' id='word_1_290' title='bbox 1055 4753 1195 4810; x_wconf 85' lang='lat' dir='ltr'>hhualdio</span> <span class='ocrx_word' id='word_1_291' title='bbox 1214 4756 1234 4811; x_wconf 92' lang='lat' dir='ltr'>l.</span> <span class='ocrx_word' id='word_1_292' title='bbox 1253 4755 1274 4812; x_wconf 92' lang='lat'>1.</span> <span class='ocrx_word' id='word_1_293' title='bbox 1292 4768 1318 4824; x_wconf 89' lang='lat' dir='ltr'>p.</span> <span class='ocrx_word' id='word_1_294' title='bbox 1339 4755 1391 4813; x_wconf 81' lang='lat'>213</span> <span class='ocrx_word' id='word_1_295' title='bbox 1411 4755 1502 4812; x_wconf 85' lang='lat' dir='ltr'>debeo.</span> 
     </span>
    </p>
   </div>
   <div class='ocr_carea' id='block_1_6' title="bbox 0 0 1914 5786">
    <p class='ocr_par' dir='ltr' id='par_1_7' title="bbox 0 0 1914 5786">
     <span class='ocr_line' id='line_1_35' title="bbox 0 0 1914 5786; baseline 0 0"><span class='ocrx_word' id='word_1_296' title='bbox 0 0 1914 5786; x_wconf 95' lang='lat' dir='ltr'> </span> 
     </span>
    </p>
   </div>
  </div>
 </body>
</html>
