3804 5786
845 475 1042 548 ..57-

315 703 351 776 in
390 703 627 796 Sapphus
667 706 993 779 carminibus
1042 702 1234 778 ediscendis
1282 709 1489 795 occupatum
1528 705 1564 775 in

314 843 507 909 ceterorum
543 860 685 910 numero
722 862 830 911 unum
871 841 1041 930 epistulae
1078 835 1329 931 quodammodo
1355 837 1479 930 simile,
1507 837 1567 909 ubi

314 971 448 1060 poetria
473 973 646 1054 maestitia
671 972 802 1045 afflicta
828 975 1005 1047 absentem
1044 972 1221 1045 Phaonem
1248 973 1491 1064 alloqueretur,
1518 974 1568 1045 ita

314 1100 505 1195 adamasse,
533 1112 573 1177 ut
597 1103 633 1176 id
658 1105 702 1176 ad
728 1106 936 1178 imitandum
963 1107 1030 1178 sibi
1057 1108 1285 1197 proposuerit,
1313 1127 1414 1197 quem
1440 1112 1568 1196 tamen,

314 1250 381 1320 quo
409 1231 549 1321 propius
576 1236 680 1322 atque
705 1233 821 1303 verius
847 1231 1009 1324 Sapphus
1042 1232 1222 1322 ingenium
1249 1230 1472 1322 describeret,
1500 1254 1570 1304 non
1631 1279 1637 1286 -

315 1362 426 1438 solum
451 1361 536 1435 illud
564 1384 713 1454 carmen,
755 1361 814 1436 sed
842 1365 946 1437 etiam
973 1364 1042 1437 alia
1069 1353 1323 1454 perscrutatum
1351 1361 1432 1436 inde
1457 1365 1568 1455 pluri·

316 1516 389 1567 mas
414 1516 469 1566 res
496 1496 686 1574 sententias
723 1477 911 1568 locutiones
953 1495 1134 1586 decerptas
1161 1496 1268 1569 latine
1294 1496 1440 1568 vertisse
1466 1502 1570 1589 atque

315 1629 352 1701 in
377 1648 481 1700 suum
521 1649 660 1700 carmen
698 1629 928 1720 transtulisse,
973 1629 1042 1702 alia
1081 1635 1215 1736 mumto
1253 1630 1407 1719 poetriae
1451 1650 1569 1700 rerum

315 1769 409 1836 statu
435 1765 512 1854 ipsa
537 1784 673 1854 quoque
711 1769 919 1836 commutata
946 1785 964 1836 e
990 1765 1164 1837 contrario
1190 1761 1426 1854 descripsisse,
1455 1763 1504 1834 ita
1530 1770 1571 1835 ut

314 1896 509 1984 legentibus
548 1902 588 1968 ut
613 1897 663 1968 ita
702 1894 814 1969 dicam
842 1896 1065 1988 Sapphonem
1092 1899 1200 1986 ipsam
1240 1895 1349 1968 latine
1374 1894 1569 1988 loquentem

314 2027 502 2104 induxerit.
530 2029 638 2102 Porro
676 2037 791 2103 autem
829 2035 968 2122 praeter
1006 2029 1168 2121 Sapphus
1210 2030 1368 2102 carmina
1402 2027 1568 2102 Ovidium

314 2163 452 2235 brevem
467 2161 641 2253 quandam
668 2161 910 2253 poetriae
934 2163 1106 2253 vitam,
1133 2162 1177 2234 ab
1197 2160 1438 2266 Alexandrino
1451 2182 1569 2252 gram-

314 2299 440 2370 matico
479 2297 765 2388 conglutinatam,
793 2299 991 2390 quaeipsis
1024 2299 1219 2370 carminum
1248 2297 1349 2370 libris
1378 2295 1570 2387 praemissa

314 2439 400 2523 erat,
427 2435 464 2504 in
490 2432 741 2524 compingenda
758 2411 760 2420 ,
779 2433 928 2522 epistula
967 2430 1095 2506 adiisse
1135 2433 1355 2520 comissimus,
1395 2437 1570 2522 postremo

315 2568 529 2640 autemloco
561 2567 988 2658 epigrammatum
1031 2564 1343 2638 Graecorum
1395 2564 1568 2655 imprimis

316 2702 562 2774 amatoriorum
602 2700 779 2791 complura
817 2701 965 2791 uestigia
991 2701 1028 2773 in
1054 2700 1204 2792 epistula
1230 2697 1441 2789 deprehendi
1467 2719 1568 2789 posse

314 2837 457 2927 planum
495 2837 650 2909 lecimus.
679 2838 774 2927 Quae
813 2843 938 2908 cuncta
962 2859 983 2908 a
1008 2837 1166 2909 Romano
1199 2841 1301 2926 poeta
1326 2837 1364 2906 in
1388 2834 1570 2906 'rhetorum

314 2970 441 3044 scholis
466 2977 604 3043 versato
630 2972 667 3042 in
691 2970 832 3042 brevius
871 2976 1050 3042 contracta
1074 2975 1135 3040 aut
1161 2974 1264 3040 aucta
1290 2968 1571 3060 amplificataque

314 3111 407 3179 sunt.
435 3103 524 3176 Cum
550 3125 631 3176 vero
657 3095 864 3176 recentiores
890 3103 1046 3175 homines
1073 3099 1164 3174 docti
1191 3103 1269 3173 aliis
1288 3102 1442 3174 fontibus
1469 3103 1568 3174 auxi·-

314 3238 438 3330 liisque
475 3239 513 3310 in
538 3227 598 3308 illa
623 3238 772 3329 epistula
798 3235 981 3324 scribenda
1009 3234 1173 3308 Ovidium
1194 3257 1296 3308 usum
1324 3257 1398 3309 esse
1425 3243 1569 3309 conten-

314 3371 408 3464 dant,
449 3395 492 3446 ne
517 3373 642 3445 incerti
668 3372 901 3463 haereremus,
948 3394 1065 3444 eorum
1092 3373 1285 3477 sententiae
1312 3373 1411 3445 nobis
1438 3375 1570 3446 exami-

314 3505 451 3580 nandae
475 3516 585 3580 erant.
621 3509 694 3598 Quo
723 3507 833 3580 officio
859 3509 909 3580 ita
922 3508 1033 3579 functi
1061 3528 1191 3597 sumus,
1217 3512 1258 3578 ut
1283 3509 1436 3598 primum
1461 3479 1569 3580 Birtii
1628 3485 1629 3490 ¹

314 3638 549 3730 compluribus
563 3640 648 3712 locis
663 3640 789 3733 allatis,
805 3643 864 3735 qui
879 3640 1045 3714 Ovidium
1073 3641 1100 3714 O
1114 3641 1184 3713 all
1199 3642 1211 3712 i
1227 3662 1258 3710 m
1274 3663 1295 3712 a
1311 3663 1329 3712 c
1343 3641 1393 3711 hi
1418 3616 1450 3711 A
1464 3641 1570 3714 etia

315 3775 519 3865 compilasse
557 3777 763 3868 coniecerat,
790 3782 825 3848 et
853 3759 930 3847 cum
969 3777 1118 3849 Romani
1145 3783 1265 3866 poetae
1291 3775 1407 3849 verbis
1434 3796 1570 3865 compo-

313 3908 389 3981 sitis
417 3907 590 3981 Ovidiana
628 3911 770 4001 propius
810 3910 854 3982 ad
892 3909 1067 4000 Sapphica
1105 3932 1208 4002 quam
1250 3909 1294 3982 ad
1334 3909 1569 3982 Callimachea

312 4039 475 4114 accedere
500 4039 761 4114 ostenderimus.
790 4041 969 4114 Postremo
994 4049 1111 4115 autem
1136 4040 1417 4131 divulgatissima
1443 4062 1566 4114 eorum

313 4175 427 4265 opinio
455 4175 555 4248 nobis
571 4175 796 4266 ponderanda
823 4177 901 4267 fuit,
929 4178 989 4269 qui
1017 4174 1181 4249 Ovidium
1210 4176 1397 4249 nonnullas
1425 4175 1571 4248 Grae-

313 4330 484 4380 corum
512 4308 815 4400 comoedias
840 4332 927 4402 quae
952 4308 996 4382 ad
1023 4308 1184 4400 Sapphus
1210 4310 1392 4381 historiam
1418 4309 1569 4400 pertine-

312 4442 408 4534 bant,
436 4442 703 4534 diligentissime
727 4445 901 4517 lectitasse
941 4443 1090 4537 indeque
1127 4444 1295 4535 plurimas
1322 4466 1376 4516 res
1421 4441 1465 4516 ad
1490 4465 1569 4534 poe-

311 4575 398 4646 triae
423 4576 604 4665 ingenium
620 4574 887 4648 describendum
912 4577 1078 4648 facientes
1094 4576 1347 4668 deprompsisse
1366 4597 1569 4666 persuasum

311 4707 450 4781 habent.
479 4709 645 4783 Attamen
671 4731 716 4780 ne
741 4709 796 4781 his
823 4707 961 4800 quidem
1003 4710 1163 4781 commoti
1188 4730 1320 4800 sumus,
1348 4714 1388 4780 ut
1413 4714 1568 4780 nostram

211 4945 216 4953 Δ
310 4841 509 4931 ορίηἰοηθιη
546 4843 687 4914 missam
724 4842 902 4914 iaciamus:
942 4843 980 4915 in
1020 4842 1182 4915 omnibus
1221 4844 1315 4915 enim
1355 4839 1568 4914 Graecorum
