3822 5758
834 387 1092 496 ‘-ao-

330 697 331 700 =
362 654 480 748 plures
505 655 583 747 loci,
609 675 695 746 quos
721 654 837 745 Bergk
862 656 950 746 frag.
969 661 1037 732 138
1052 659 1201 753 collegit,
1230 682 1270 734 ex
1297 664 1423 756 quihus
1450 689 1502 758 ea,
1529 689 1618 760 quae

362 790 548 881 praecipue
572 789 707 863 faciunt
732 788 776 862 ad
802 789 896 863 hunc
922 789 1132 866 Ovidianum
1158 795 1281 889 locum,
1310 801 1514 873 exscribam.
1542 803 1617 874 lam

363 923 558 998 Herodotus
583 925 655 996 l.II
682 947 709 998 c.
740 930 821 1002 135:
848 918 1066 1016 Ῥοδῶπις,
1093 931 1218 1024 inquit,
1245 922 1381 1025 ἐλύθη
1409 957 1521 1032 χρη
1535 961 1566 1036 μ
1581 932 1617 1013 ἁ-

363 1081 473 1133 αων
511 1047 788 1156 μεγάλων
825 1035 922 1134 σαό
971 1059 1225 1164 Χαράξου..
1263 1064 1452 1175 Χάραξος
1491 1061 1534 1143 cle*
1562 1071 1617 1160 cic

363 1187 606 1288 ἀπενόστησε
644 1190 682 1279 ἐς
722 1184 970 1300 Μυτιλήνην,
1009 1191 1048 1269 ἐν
1090 1190 1211 1284 ,αέλεῑ
1260 1203 1426 1298 Σαπφώ
1471 1192 1615 1279 πολλοὶ

363 1325 692 1431 κατεκερτόμησέ
723 1350 798 1418 μιν
815 1330 862 1420 *λ
889 1328 998 1403 Porro
1025 1305 1200 1406 Athenaei
1228 1354 1364 1428 quoque
1382 1337 1489 1411 verba
1504 1338 1614 1432 (XIII,

365 1467 434 1536 596
461 1465 517 1557 Β)
545 1463 639 1537 haud
665 1466 765 1556 parvi
780 1466 945 1538 momenti
965 1473 1057 1539 sunt:
1086 1466 1298 1566 (Δωρίχα),
1325 1460 1370 1542 ἦν
1403 1471 1426 1562 ἠ
1452 1470 1618 1570 Σαπφώ

362 1592 1294 1703 ἐρωμένηνγενοαὲνηνΧαράξον
1324 1597 1615 1680 roccesh-

321 1771 324 1779 =
362 1730 481 1826 φοσ
531 1729 732 1822 αὐτῆς,
784 1720 855 1805 δια
908 1733 981 1822 τῆς
1032 1730 1236 1826 ποιήσεως
1289 1726 1526 1828 διαβάλλειΙ
1559 1739 1615 1828 ὠς

362 1855 696 1940 πολλάν-οὐ
731 1861 1489 1967 Χαράξουνοσφισαμένην.
1585 1972 1588 1980 Ι

956 2136 1002 2208 Π.

460 2366 502 2440 V.
530 2370 576 2442 89
603 2373 659 2460 sq.
681 2366 826 2442 Ovidius
853 2369 947 2441 illam
974 2367 1017 2441 de
1029 2369 1151 2442 Lunae
1176 2371 1215 2442 in
1227 2369 1478 2464 Endymionem
1496 2392 1614 2445 amore

360 2502 513 2577 fabulam
539 2503 727 2595 respiciens
751 2503 928 2576 Phaonem
966 2504 1050 2577 huic
1074 2505 1217 2578 rivalem
1244 2504 1339 2578 haud
1379 2505 1612 2596 spernendum

360 2635 436 2709 fieri
461 2644 560 2729 posse
586 2636 782 2744 hisverhis
807 2631 942 2710 docet:⁴

467 2771 572 2844 Hunc
597 2773 627 2844 si
653 2772 853 2863 conspiciat,
881 2793 969 2864 quae
994 2773 1163 2864 conspicit
1187 2773 1314 2864 omnia,
1340 2772 1550 2866 Phoebe,

507 2905 628 2978 Iussus
653 2907 944 2979 eritsomnos
971 2887 1287 2979 continuare
1311 2906 1443 2985 Phaon.

361 3040 473 3131 Quam
497 3037 651 3120 fabulam
678 3060 699 3111 a
725 3036 909 3130 Sapphone
934 3060 1069 3131 quoque
1094 3044 1279 3111 tractatam
1311 3059 1384 3111 esse
1409 3039 1541 3116 scholia
1565 3037 1610 3112 ad

361 3174 538 3266 Apollonii
563 3174 692 3248 Rhodii
717 3172 768 3246 IV
794 3198 826 3247 v.
855 3179 899 3248 57
927 3180 1102 3247 testantur
1129 3174 1173 3266 (v.
1188 3174 1277 3264 frag.
1308 3178 1403 3267 lact:
1433 3171 1538 3278 Περὶ
1564 3163 1610 3246 σε

363 3307 451 3382 roei
490 3307 590 3400 τῆς
615 3295 860 3401 Σελήνης
898 3301 1058 3413 ἔρωτος
1094 3301 1323 3406 ἱστοροῦσι
1348 3296 1516 3402 Σαπφώ
1544 3304 1610 3379 καὶ

361 3431 602 3545 Νίκανδρος·
627 3433 802 3554 λέγεται
857 3430 899 3514 (λε’
940 3434 1228 3539 κατέρχεσθαι
1277 3436 1332 3529 εἰς
1371 3441 1514 3524 τοῦτο
1553 3429 1610 3513 τό

358 3569 511 3679 ἄντρον
551 3578 612 3668 (sc.
651 3575 779 3667 Latmi‚
819 3572 943 3646 Cariae
969 3574 1110 3664 montis)
1153 3564 1226 3665 τήν
1254 3569 1423 3669 Σελήνην
1459 3564 1609 3674 πρός

358 3702 820 3805 'Eorlvpcleroe**).

463 4139 487 4204 *t
505 4138 660 4209 Quaeritur,
685 4150 737 4203 quo
756 4135 827 4193 illul
847 4133 897 4220 pio
917 4132 1501 4205 referendumsitutrumarllthodopidem,
1520 4149 1557 4191 an
1575 4135 1610 4191 acl

356 4231 519 4288 charorum.
539 4229 700 4293 Plerumque
712 4226 762 4280 suh
772 4239 803 4280 ea
814 4239 879 4281 voce
888 4223 1075 4292 ahohopiuem
1094 4222 1271 4294 intellegunt,
1290 4223 1459 4284 ut‘Welclrer
1476 4227 1511 4290 (v.
1527 4224 1608 4282 Jahn.

357 4320 453 4378 Jahrb.
473 4320 500 4376 [l.
521 4319 543 4389 1,
562 4332 587 4387 p.
600 4317 672 4386 394),
691 4315 769 4373 Stein
785 4314 875 4380 (ineh.
895 4313 992 4370 Herod.
1005 4313 1115 4379 adhl.)
1137 4312 1197 4384 alii3
1216 4326 1285 4378 quae
1306 4313 1455 4382 explicatio
1474 4313 1609 4370 Athenaei

357 4409 449 4466 verbis
466 4409 532 4476 (ul.
552 4404 804 4477 superponitur.
823 4405 953 4462 Attamen
973 4402 1105 4459 ovidiana
1120 4403 1205 4459 verba
1223 4397 1302 4458 ‘hene
1322 4402 1415 4457 monui
1434 4403 1524 4458 multa
1542 4402 1608 4458 hde-

356 4499 432 4556 liter'
451 4495 610 4553 documento
630 4497 819 4564 eese‘possnnt
847 4493 1002 4550 (thermum
1019 4506 1124 4559 quoque
1153 4506 1281 4550 aserere
1301 4491 1423 4547 carmine
1448 4491 1610 4548 vellicatum

356 4602 421 4645 esse.
432 4586 611 4654 Quamobrem
621 4582 671 4666 pio
691 4597 785 4640 vocem
803 4579 838 4639 acl
855 4582 930 4637 hunc
947 4581 1053 4636 referre
1072 4582 1146 4652 licet,
1174 4581 1245 4648 quod
1263 4581 1466 4637 sententiarum
1489 4581 1609 4638 Herodo-

356 4681 464 4734 tearum
482 4676 565 4732 nexui
584 4675 673 4742 magis
691 4673 855 4744 respondere
876 4672 994 4729 videtur.
1014 4671 1053 4727 cf.
1074 4671 1159 4726 Vries.
1179 4672 1198 4726 l.
1218 4672 1237 4726 l.
1257 4686 1283 4741 p.
1305 4674 1346 4729 65.

464 4764 502 4836 *·)
520 4764 559 4822 (ll.
579 4763 655 4820 infre
674 4777 778 4830 quoqne
797 4777 824 4832 p.
843 4763 886 4819 46.
