3804 5786
859 527 1056 600 ..56-

331 756 499 847 nequiret,
527 756 693 828 abiecisse
719 777 755 827 se
781 755 945 829 dicitur“.
986 757 1108 848 Itaque
1133 756 1229 828 illam
1255 778 1351 828 una
1366 777 1400 827 m
1426 755 1583 847 Sappho·
1610 819 1615 828 .

294 869 297 880 ¹
332 911 411 961 nem
437 888 544 961 fuisse
581 889 768 962 coniciunt.
797 890 845 962 At
872 890 935 962 hoo
962 913 1033 962 non
1072 890 1292 979 dictumest,
1320 910 1433 981 nequa
1460 889 1582 961 verisi-

331 1022 412 1093 mile
436 1043 509 1094 esse
534 1028 619 1113 puto
657 1021 827 1114 Servium,
862 1024 917 1095 cui
942 1024 1076 1114 poetria
1102 1023 1245 1094 minime
1270 1024 1391 1112 ignota
1417 1029 1504 1114 erat,
1531 1024 1582 1095 ita

331 1155 529 1228 locuturum
554 1156 672 1246 fuisse,
698 1162 737 1227 ut
762 1155 798 1227 id
824 1158 861 1228 in
877 1157 1008 1230 incerto
1035 1157 1224 1249 reliquerit,
1246 1159 1276 1228 si
1291 1156 1351 1228 illa
1376 1155 1471 1229 ‘una'
1495 1156 1582 1247 Sap·

330 1291 400 1381 pho
426 1291 559 1382 luisset3
584 1297 657 1362 tum
673 1314 766 1363 -vero
793 1314 834 1363 ex
860 1291 928 1364 illis
962 1292 1077 1364 verbis
1104 1286 1254 1393 πρώτη
1272 1281 1438 1386 Σαπφώ
1464 1292 1583 1382 potius

332 1423 492 1498 concludi
505 1446 606 1532 posse
617 1422 755 1497 videtur
768 1423 810 1497 de
830 1424 936 1497 alia
955 1426 1083 1498 femina
1098 1427 1135 1496 in
1144 1425 1210 1496 hoc
1224 1423 1381 1496 dramate
1391 1445 1583 1497 sermonem

332 1581 416 1651 esse,
443 1580 531 1650 quae
544 1556 705 1649 Sapphus
721 1560 912 1649 exemplum
933 1565 1052 1631 secuta
1067 1561 1122 1630 sit.
1151 1559 1263 1632 Porro
1280 1557 1410 1655 {autem
1435 1559 1584 1650 Turpilii

330 1694 535 1784 fragmenta,
563 1714 583 1766 a
610 1715 677 1785 quo
703 1691 889 1765 Menandri
913 1691 1090 1767 Leucadia
1121 1693 1229 1764 latine
1255 1691 1392 1765 reddita
1417 1700 1479 1801 est,
1510 1714 1583 1765 non

330 1829 490 1918 feminae,
529 1825 589 1898 sed
614 1828 718 1900 viri
745 1825 926 1899 cuiusdam
953 1827 1076 1899 insano
1117 1849 1236 1900 amore
1274 1827 1426 1917 perculsi
1452 1829 1584 1919 primas

330 1968 448 2054 partes
474 1961 512 2032 in
539 1959 709 2033 catabula
736 1961 843 2032 luisse
868 1952 1002 2049 docent,
1029 1960 1070 2031 cf.
1100 1959 1171 2032 Cic.
1192 1959 1293 2032 Tusc.
1323 1959 1409 2051 disp.
1436 1960 1499 2052 IV,
1527 1963 1584 2050 34,

332 2099 376 2167 72
408 2117 456 2188 sq.
484 2096 579 2187 Quae
606 2100 730 2167 cuncta
753 2093 960 2168 documento
986 2101 1069 2168 sunt
1095 2102 1130 2168 et
1156 2102 1405 2185 argumentum
1437 2094 1585 2168 Menan-

332 2227 434 2302 dreae
459 2228 653 2301 Leucadiae
678 2228 771 2300 aliud
796 2230 905 2301 fuisse
930 2251 1034 2321 qnam
1061 2229 1156 2322 quod
1183 2231 1214 2300 ei
1228 2230 1332 2320 vulgo
1346 2229 1583 2320 substituitur,

332 2385 444 2456 neque
481 2362 643 2436 Ovidium
682 2363 870 2455 quidquam
896 2362 939 2434 ad
977 2363 1162 2453 epistulam
1202 2362 1479 2456 componendam
1504 2362 1586 2434 inde

333 2500 475 2572 haurire
500 2501 705 2591 potuissem.

431 2632 611 2705 Haecfere
625 2640 718 2724 sunt,
745 2654 833 2724 quae
847 2632 947 2705 nobis
974 2635 1185 2705 comicorum
1212 2640 1393 2722 poetarum
1410 2634 1585 2722 fragmen-

331 2775 368 2840 ta
386 2739 687 2864 perscrutantibus
713 2763 757 2837 ad
783 2767 1022 2858 quaestionem
1049 2764 1091 2838 de
1107 2787 1225 2838 rernm
1242 2763 1285 2836 ad
1299 2764 1464 2857 Sapphus
1477 2767 1586 2837 vitam

331 2901 578 2992 pertinentium
604 2899 757 2971 lontibus
800 2897 999 2972 solvendam
1024 2906 1180 2990 spectare
1217 2898 1417 2971 videantur.
1450 2899 1585 2990 Quibus
1689 2946 1700 2969 2

330 3036 510 3127 perpensis
534 3034 649 3105 facere
674 3054 744 3104 non
770 3035 912 3123 poteris
952 3033 1036 3125 quin
1069 3033 1164 3104 illam
1203 3032 1442 3125 pervulgatam
1469 3034 1584 3125 opini-

330 3191 431 3243 onem
457 3168 500 3240 de
526 3166 703 3240 Ovidiana‘
737 3166 885 3256 epistula
924 3167 1137 3256 ineptiarum
1178 3187 1199 3238 a
1238 3167 1378 3239 comicis
1423 3167 1585 3240 fictarum

330 3303 457 3375 referta
482 3305 622 3374 missam
649 3302 757 3373 facias
783 3302 918 3393 ipsique
944 3301 1114 3391 epistulae
1139 3301 1283 3393 auctori,
1312 3306 1434 3392 utpote
1458 3301 1518 3393 qui
1544 3321 1586 3371 ex

329 3437 422 3509 fonte
461 3441 733 3508 commentorum
770 3435 852 3507 limo
893 3436 1036 3507 minime
1075 3435 1258 3527 inquinato
1301 3435 1467 3525 hauserit,
1506 3433 1585 3525 plus
1687 3533 1689 3540 y

327 3570 421 3662 iidei,
446 3591 551 3661 quam
576 3568 755 3659 hucusque
779 3567 897 3657 fiebat,
928 3567 1055 3639 habere
1081 3567 1221 3641 audeas.

859 3757 1028 3764 -.-——-..

426 3898 500 3970 Iam
526 3900 635 3988 igitur
673 3899 831 3971 absoluta
869 3900 934 3970 hac
972 3899 1087 3989 priore
1113 3894 1253 3970 nostrae
1280 3900 1584 3972 commentationis
1681 3988 1685 3994 η

328 4041 437 4126 parte,
462 4057 530 4127 qua
556 4036 594 4107 in
618 4034 780 4127 Sapphus
818 4033 985 4126 epistulae
1017 4033 1211 4107 Ouidianae
1248 4033 1360 4106 fontes
1386 4037 1584 4107 accuratius

328 4171 505 4261 inquirere
517 4169 616 4242 nobis
636 4171 851 4261 propositum
877 4177 962 4260 erat,
989 4171 1109 4260 paucis
1135 4174 1290 4259 repetere
1303 4170 1416 4260 liceat,
1444 4172 1582 4262 quaein

328 4303 477 4375 Romani
504 4309 622 4393 poetae
648 4304 831 4393 epistulam
854 4302 1014 4393 Sapphus
1038 4301 1223 4374 scribentis
1253 4303 1583 4406 φρουτισῑνῖριον

327 4437 523 4526 protervius
561 4437 783 4526 inspicientes
823 4435 1056 4509 didicerimus.
1084 4438 1207 4528 Itaque
1237 4435 1391 4509 vidimus
1418 4435 1582 4510 Ovidium

434 4765 534 4833 *)1am
561 4765 683 4822 Mainake
712 4767 730 4821 l.
752 4767 772 4822 l.
792 4781 819 4835 p.
841 4766 891 4823 159
920 4765 953 4821 do
972 4766 1024 4822 1111
1053 4767 1185 4822 Serviano
1212 4767 1374 4822 narratione
1398 4769 1475 4825 hacc:
1498 4770 1583 4825 «Num

328 4856 647 4923 vero—inquit-omnia
666 4855 730 4927 ista,
749 4868 818 4922 quae
836 4855 870 4910 dc
889 4857 997 4912 Phaone
1024 4856 1113 4911 tradit
1132 4856 1252 4928 Servius,
1272 4871 1305 4912 ox
1323 4857 1467 4913 Menandri
1485 4859 1583 4915 fabulo
1609 4935 1613 4944 .

328 4946 493 5006 adumbrata
511 4945 576 5017 sint,
595 4946 724 5003 dubitare
742 4946 835 5004 licet».
