3822 5758
897 373 1094 458 ...15-

370 617 462 698 infra
487 625 619 717 aliquot
644 599 811 713 exempla
848 619 1007 693 aBirtio
1044 619 1270 712 comparandi
1310 641 1413 691 causa
1443 627 1620 710 protracta

370 755 522 847 afferam,
549 777 616 849 quo
643 756 753 844 magis
779 755 930 847 perspici
955 755 1065 845 possit
1090 755 1238 826 Romani
1264 759 1386 845 poetae
1411 755 1518 827 verba
1543 775 1622 846 pro·

370 892 449 982 pius
487 889 532 964 ad
570 888 746 980 Sapphica
784 911 887 981 quam
927 888 971 960 ad
1016 886 1256 960 Alexandrina
1292 889 1488 979 fragmenta
1525 911 1622 962 acce·

371 1023 453 1097 dere
469 1024 516 1116 l).

468 1157 558 1230 Sane
584 1154 781 1229 mirandum
820 1162 873 1228 est
899 1155 1061 1248 cuiquam
1098 1157 1136 1227 in
1164 1161 1313 1228 mentem
1338 1157 1486 1248 venisse,
1517 1164 1557 1230 ut
1583 1159 1620 1230 in

371 1290 642 1382 Callimacheis,¹
663 1310 733 1362 non
758 1294 875 1362 autem
914 1291 952 1361 in
985 1287 1170 1379 Sapphieis
1208 1288 1415 1379 primarium
1453 1290 1622 1381 epistulae

368 1428 498 1501 fontem
524 1432 715 1519 quaereret:
747 1427 777 1498 si
805 1428 898 1498 enim
912 1423 1060 1500 Ovidius
1085 1424 1327 1517 Sapphus
1352 1448 1619 1517 personam

371 1561 622 1635 inducere
672 1568 825 1653 atque
874 1562 987 1633 eius
1025 1553 1166 1651 ἦθος
1214 1563 1620 1635 accuratissime

370 1697 676 1770 describere
700 1696 847 1789 volebat,
874 1697 963 1769 nihil
986 1697 1188 1787 perversius
1213 1698 1362 1790 fecisset,
1390 1719 1494 1790 quam
1519 1701 1550 1770 si
1575 1697 1620 1771 ad

369 1830 686 1905 Alexandrinorum
724 1836 904 1922 poetarum
942 1828 1115 1922 quendam
1155 1831 1377 1925 confugisset,
1415 1833 1622 1922 praesertim

371 1983 450 2040 cum
476 1972 511 2039 et
536 1967 646 2057 ipsius
672 1965 834 2057 Sapphus
876 1966 1032 2038 carmina
1071 1972 1146 2037 tum
1184 1972 1323 2057 praesto
1363 1973 1479 2039 essent
1517 1973 1552 2039 et
1576 1967 1620 2041 ab

371 2105 445 2194 ipso
470 2109 573 2194 poeta
597 2125 702 2196 quam
729 2101 996 2192 diligentissime
1022 2102 1269 2197 ediscerentur,
1295 2103 1387 2197 quod
1404 2104 1482 2177 luce
1496 2105 1622 2177 clarius

370 2241 467 2312 Rem.
495 2238 614 2311 Amor.
641 2261 674 2309 v.
704 2243 771 2310 761
800 2239 876 2329 ipse
900 2243 1059 2330 testatur,
1087 2260 1165 2311 eum
1192 2237 1288 2310 dicit:

424 2377 517 2468 ,Me
544 2382 689 2449 certo
714 2374 914 2466 Sappho
940 2375 1202 2448 meliorem
1236 2376 1366 2448 iecit
1391 2377 1618 2448 amicae“.

468 2511 592 2603 Itaque
617 2510 673 2581 his
698 2510 898 2600 praemissis
924 2511 993 2581 iam
1018 2507 1063 2581 ad
1089 2509 1124 2580 id
1150 2508 1241 2602 quod
1266 2511 1489 2601 promisimus
1528 2530 1625 2581 acce·

370 2646 502 2732 damus.
881 2645 884 2650 “

471 2779 645 2854 Ouidiana
670 2778 832 2871 Sapphus
857 2778 1009 2870 epistula
1035 2799 1114 2850 cum
1140 2799 1243 2870 opere
1285 2778 1420 2851 musivo
1448 2777 1625 2851 commode

375 2916 568 3006 comparari
594 2919 717 3008 potest,
744 2914 782 2985 in
808 2935 875 3006 quo
900 2933 1116 3004 gemmarum
1141 2913 1215 2984 vice
1241 2933 1301 2985 eae
1326 2913 1520 2984 sententiae
1543 2912 1624 2984 fun·

371 3054 516 3140 guntur,
542 3069 627 3141 quas
653 3052 754 3139 poeta
780 3048 958 3121 Romanus
984 3069 1026 3119 ex
1051 3045 1214 3137 Sapphus
1228 3044 1442 3118 carminibus
1462 3047 1502 3119 in
1518 3055 1624 3118 ‘suam
1703 3037 1707 3045 ’

372 3181 559 3256 Heroidem
584 3181 776 3271 transtulit
803 3201 951 3272 quarum
976 3179 1155 3270 amplexus
1194 3184 1228 3251 et
1252 3178 1363 3251 forma
1395 3178 1520 3251 variat.
1547 3177 1624 3249 Pri-

372 3338 468 3388 mum
492 3315 585 3388 enim
611 3315 675 3387 toti
700 3334 822 3387 versus
849 3313 1088 3404 inveniuntur,
1127 3333 1198 3384 non
1237 3310 1376 3404 quidem
1412 3311 1627 3384 adverbum

372 3473 391 3524 e
417 3451 550 3526 Graeca
573 3450 696 3541 lingua
721 3450 760 3521 in
785 3448 931 3522 latinam
958 3449 1126 3540 conversi,
1153 3447 1214 3521 sed
1239 3452 1312 3521 tarn
1338 3447 1469 3520 similes
1488 3454 1627 3521 sentcn-

373 3589 441 3660 tias
467 3587 709 3683 exprimentes,
747 3592 787 3658 ut
820 3585 860 3658 in
900 3586 944 3656 iis
983 3582 1077 3657 haud
1116 3581 1239 3656 dubias
1265 3575 1418 3677 poetriae*
1442 3583 1628 3656 verborum

374 3721 543 3811 imagines
568 3720 782 3812 reperiamus
798 3719 870 3813 ll).

381 3953 804 3965 --.-.--...------

481 4095 503 4166 *j
521 4095 636 4152 Ilhuald
664 4108 771 4162 quoqne
800 4092 818 4148 l.
843 4091 862 4147 l.
893 4105 917 4159 p.
939 4094 990 4148 222
1019 4090 1051 4145 do
1070 4067 1348 4146 Alexandrino
1378 4088 1463 4146 huius
1490 4090 1628 4159 epistulae

374 4187 453 4243 fonte
472 4185 610 4253 loquitur.

471 4273 507 4346 **)
527 4274 624 4329 liudem
645 4269 826 4327 convertendi
847 4269 891 4324 vel
912 4267 1005 4335 potius
1025 4266 1165 4323 imitando
1185 4264 1359 4336 exprimendi
1379 4266 1454 4321 ratio
1475 4266 1548 4322 alias
1560 4281 1626 4332 quo-

375 4380 426 4433 que
445 4363 520 4431 apud
549 4359 684 4428 Ovidium
705 4356 932 4426 deprehenditur,
964 4353 1046 4409 cuius
1074 4353 1174 4409 saltem
1203 4352 1257 4407 (luo
1277 4352 1403 4421 exempla
1431 4352 1478 4407 hic
1504 4352 1627 4410 aliorum.

375 4452 469 4521 Ilurip.
490 4449 557 4507 heu
578 4465 605 4504 v.
626 4449 678 4505 395
697 4460 765 4514 squ:

802 4531 846 4618 μοὶ
871 4531 927 4616 τὴν
951 4533 1129 4614 δέσποιναν,
1155 4522 1192 4612 ἢν
1217 4523 1272 4614 ἐγώ
1292 4530 1370 4617 σέβω

680 4644 817 4725 μάλιστα
840 4641 965 4706 πάντων
989 4636 1041 4703 καὶ
1065 4640 1275 4722 ξυνερργὁν
1299 4631 1437 4722 εἱλόμην,

677 4747 878 4834 Ἐκάτην
