3822 5758
836 325 1033 404 -4q-

307 554 491 630 comoediis
505 557 549 630 ab
565 555 691 634 Ovidio
705 562 843 650 sumpta
871 578 945 630 esse
958 578 1163 649 persuasum
1178 557 1319 648 habent,
1346 559 1396 630 ita
1410 555 1558 650 Nepet),

305 689 490 783 Ulrici**),
532 691 603 781 alii,
630 712 716 782 quos
746 712 925 766 recensere
949 691 1091 780 longum
1120 698 1181 762 est.
1210 691 1306 782 Quae
1331 692 1449 781 opinio
1476 690 1562 762 mihi

306 821 443 916 quidem
470 831 531 896 aut
556 846 699 915 prorsus
737 822 933 917 respuenda
971 831 1034 898 aut
1058 824 1181 896 saltem
1220 822 1464 913 restringenda
1489 817 1563 896 esse

306 957 453 1032 videtur.
481 960 582 1052 Quod
606 961 655 1033 ita
682 960 919 1034 demonstrare
945 959 1107 1051 conabor,
1132 962 1172 1032 ut
1197 959 1350 1050 primum
1370 957 1564 1050 ostendam,

306 1092 465 1183 quisnam
492 1093 539 1166 sit
563 1093 620 1178 ille
646 1093 734 1167 alter
775 1095 864 1185 lons,
909 1114 1011 1188 quem
1050 1091 1197 1168 Ovidius
1224 1116 1266 1168 ex
1291 1116 1368 1167 mea
1392 1093 1564 1168 sententia

305 1224 402 1298 adire
427 1228 588 1318 potuerit,
630 1233 704 1301 tum
741 1250 824 1302 vero
860 1229 1057 1317 fragmenta
1083 1227 1350 1319 comoediarum,
1377 1246 1466 1319 quae
1494 1227 1563 1299 buc

305 1360 515 1451 referuntur,
541 1361 758 1452 perlustrans
797 1362 1016 1454 investigem,
1043 1361 1126 1453 quid
1154 1359 1236 1436 inde
1261 1361 1306 1435 ad
1330 1361 1562 1436 recentiorum

306 1493 508 1584 opinionem
534 1493 800 1569 sustentandam
826 1495 943 1569 afferri
969 1517 1071 1588 posse
1097 1496 1267 1570 videatur.

406 1629 470 1721 Ea,
497 1651 585 1723 quae
610 1652 718 1724 supra
755 1633 1014 1723 exscripsimus,
1041 1630 1188 1706 Ovidius
1214 1631 1322 1705 multo
1349 1629 1564 1706 commodius

307 1765 374 1860 sibi
401 1764 603 1857 comparare
629 1769 753 1859 potuit,
782 1787 885 1860 quam
911 1775 951 1840 ut
976 1765 1106 1840 idcirco
1132 1766 1226 1840 haud
1251 1788 1398 1858 parvum
1423 1765 1561 1840 Attica-

306 1920 385 1970 rum
412 1898 668 1973 comoediarum
695 1922 879 1973 numerum
904 1905 1089 1973 excuteret.
1120 1899 1266 1973 Constat
1291 1900 1384 1972 enim
1409 1899 1563 1972 Alexan-

308 2030 426 2105 drinos
464 2035 721 2126 grammaticos
748 2055 769 2106 a
794 2033 921 2126 quibus
964 2031 1184 2124 Sapphonem
1222 2054 1358 2134 quoque
1398 2033 1436 2107 in
1467 2033 1565 2105 illum

252 2263 254 2276 Ι
310 2185 477 2238 canonem
516 2173 690 2257 receptam
727 2168 868 2259 eiusque
907 2165 1064 2238 carmina
1096 2166 1134 2238 in
1160 2186 1282 2239 novem
1308 2165 1417 2238 libros
1443 2165 1563 2239 distri·

308 2298 393 2371 buta
419 2321 493 2373 esse
519 2302 557 2375 in
577 2287 720 2392 ‘vulgus
758 2307 881 2375 notum
919 2306 983 2393 est,
1021 2307 1056 2374 et
1080 2300 1253 2373 librorum
1278 2302 1317 2372 in
1342 2300 1565 2374 bibliothecis

309 2432 559 2507 Alexandrinis
586 2442 840 2508 asservatorum
867 2432 1054 2526 indicibus,
1082 2436 1142 2526 qui
1156 2430 1320 2520 πίνακες
1344 2435 1566 2525 appellaban-

313 2572 382 2657 tur,
408 2569 501 2640 vitas
541 2568 752 2659 scriptorum
790 2569 943 2642 breviter
981 2576 1162 2642 enarratas
1201 2568 1400 2659 inseruisse,
1427 2574 1461 2641 et
1488 2590 1565 2640 cnm

258 2674 260 2678 ¹
310 2702 395 2791 ipsis
422 2702 563 2793 scriptis
602 2702 807 2775 coniunctas
845 2700 1004 2792 edidisse,
1032 2722 1118 2793 quas
1145 2710 1206 2774 aut
1242 2723 1282 2772 ex
1309 2701 1565 2793 antiquioribus

310 2838 463 2910 vitarum
489 2837 717 2928 scriptoribus
744 2835 964 2928 depromptae
990 2838 1028 2909 in
1053 2836 1157 2908 breve
1181 2833 1397 2926 redigebant,
1424 2841 1485 2908 aut
1511 2858 1566 2908 res

307 2969 351 3042 ab
378 2969 579 3044 auctoribus
605 2969 646 3042 de
672 2971 826 3062 ipsorum
866 2971 948 3042 vitis
973 2969 1101 3042 relatas
1133 2968 1332 3060 colligentes
1358 2970 1427 3060 ipsi
1454 2971 1566 3044 conli-

270 3114 273 3119 ’
309 3103 538 3196 ciebant***).
567 3105 662 3196 Quae
688 3125 766 3176 cum
781 3099 831 3176 ita
845 3105 926 3194 sint,
953 3100 1036 3194 quid
1051 3106 1104 3173 est
1120 3105 1212 3194 quod
1227 3102 1351 3194 obstet,
1378 3103 1566 3195 quominus

310 3237 476 3312 Ovidium
502 3238 538 3310 id
556 3258 666 3329 genus
692 3236 854 3329 Sapphus
879 3237 954 3308 vita
979 3257 1081 3308 usum
1107 3256 1180 3308 esse
1196 3235 1441 3310 concedamus?
1467 3236 1567 3329 Quod

310 3395 389 3476 oum
414 3375 567 3465 minime,
594 3373 625 3445 si
649 3394 723 3445 rem
749 3372 861 3463 ipsam
901 3376 1047 3463 spectas,
1082 3369 1272 3442 absurdum
1298 3368 1415 3444 dicere
1440 3372 1565 3462 possis,

310 3508 441 3602 aliquot
464 3509 622 3597 vestigiis
648 3507 849 3580 insistentes
874 3505 1063 3578 verisimile
1088 3505 1226 3578 efficere
1252 3503 1479 3578 studebimus.

314 3698 661 3710 -η-ᾑ-ᾷ--μ--ι
665 3698 739 3704 -..-

416 3798 438 3868 *)
457 3799 486 3855 l.
506 3800 526 3854 l.
545 3800 564 3854 l.
584 3813 610 3867 p.
630 3799 656 3855 t:
668 3797 810 3864 «Iniquom
828 3797 861 3852 de
879 3797 989 3866 poetria
1008 3795 1172 3866 opinionem,
1191 3809 1273 3862 quam
1293 3808 1325 3850 ex
1344 3795 1568 3851 comoediis

310 3887 512 3960 spectatis
531 3887 826 3954 lectitatisque
846 3887 969 3941 homines
988 3886 1167 3956 imbiberant,
1186 3883 1354 3952 suoingenio
1376 3885 1568 3941 blandientem

310 3977 447 4049 expressit
466 3975 578 4034 Ovidius
596 3976 627 4030 in
645 3976 797 4051 llpistola».

404 4064 441 4132 **)
458 4067 492 4121 ln
509 4064 582 4121 libro
601 4064 649 4131 qui
667 4063 838 4120 inscribitur:
858 4063 1018 4120 (leschichte
1038 4064 1086 4119 der
1105 4063 1204 4120 hellen.
1230 4063 1406 4118 Dicbtlrunst.
1436 4065 1463 4120 ¹1¹.
1484 4064 1521 4134 Π,
1540 4078 1567 4133 p.

311 4158 372 4226 361,
390 4170 453 4212 ann.
484 4155 544 4212 117:
573 4157 660 4210 «lus
679 4152 951 4209 ibnen-oomicos
969 4154 1065 4222 poetas
1083 4152 1375 4222 dicit—schopfte
1395 4152 1490 4210 0vid
1509 4168 1569 4208 un-

311 4242 484 4312 streitig
511 4242 578 4297 das
597 4242 746 4308 lleistc,
766 4242 859 4298 uomit
887 4256 917 4297 or
935 4242 966 4297 in
990 4241 1070 4312 jener
1089 4242 1194 4312 llpistel
1213 4241 1266 4298 den
1283 4242 1341 4299 llus
1363 4242 1414 4297 der
1432 4242 1569 4310 tangerer

312 4333 462 4390 bessoclrt».

393 4421 444 4490 m)
462 4422 501 4480 (tf.
520 4421 634 4490 Berglrii
653 4420 759 4477 [triech.
779 4420 1080 4489 biteraturgesobicbte
1099 4423 1127 4477 l.
1146 4423 1168 4492 I,
1187 4436 1214 4491 p.
1235 4422 1296 4492 274,
1316 4422 1343 4476 et
1362 4422 1392 4477 D.
1403 4420 1569 4477 Volkmanni

313 4513 345 4568 de
363 4512 462 4570 Suidae
491 4510 680 4580 biograpblcis
707 4509 938 4580 dissertationem,
966 4525 1036 4577 quae
1064 4512 1156 4566 exstat
1185 4511 1215 4566 in
1243 4511 1382 4580 symbolis
1400 4510 1470 4581 phil.
1494 4511 1568 4580 Bon,
1611 4515 1616 4526 ’

313 4601 452 4670 imprimis
469 4601 539 4657 baec
558 4601 643 4657 verba
661 4601 697 4669 (p.
717 4600 787 4665 729);
809 4601 862 4655 «be
881 4600 948 4657 vitis
967 4601 1118 4671 poetarum,
1141 4615 1256 4668 quorum
1288 4602 1413 4657 carmina
1431 4615 1570 4669 gramma·

313 4688 377 4744 ticie
396 4688 513 4746 maxime
542 4703 625 4745 curae
652 4690 819 4762 fuerunt..,
840 4690 1050 4745 commentarios
1070 4691 1119 4745 aut
1145 4691 1255 4760 prologi
1283 4691 1332 4746 aut
1356 4691 1461 4760 epilogi
1478 4691 1569 4745 instar

314 4779 395 4836 libris
414 4779 483 4850 ipsis
500 4779 621 4836 insertos
639 4778 725 4835 tuisse
744 4780 871 4849 colligo».

1371 4877 1394 4945 4
