3804 5786
873 305 1150 387 -no-‘

867 543 1013 656 u.

455 793 560 865 luitio
574 793 677 865 huius
697 791 806 864 libelli
836 793 1028 883 expositum
1043 797 1106 884 est,
1132 798 1216 884 quot
1228 799 1446 886 quantaeque
1461 794 1607 866 auctori·

356 927 439 1000 tatis
465 927 622 999 homines
661 925 753 999 docti
793 925 954 1017 Sapphus
995 925 1180 1016 epistulam
1211 921 1352 998 'summo
1392 946 1470 996 cum
1495 922 1610 998 taedio

357 1059 534 1148 aspernati
559 1058 632 1129 sint
656 1078 697 1130 ac
716 1058 931 1148 vrespuerinh
959 1077 1054 1129 nunc
1090 1056 1135 1129 ad
1174 1077 1249 1142 eam
1288 1078 1362 1130 rem
1377 1057 1609 1130 revertimur.

357 1189 457 1264 Duae
479 1197 596 1263 autem
621 1194 809 1284 praecipue
833 1211 889 1262 res
909 1196 1002 1283 sunt,
1030 1211 1119 1282 quae
1132 1191 1312 1263 hominum
1339 1190 1516 1264 doctorum
1541 1198 1612 1263 sto·

357 1325 496 1432 machos¹
523 1331 643 1397 contra
669 1325 838 1415 epistulae
864 1330 1039 1397 auctorem
1065 1331 1236 1416 moveant,
1257 1325 1409 1415 primum
1435 1324 1526 1418 quod
1551 1347 1612 1396 ru-

358 1461 444 1535 stice
468 1459 615 1533 obscene
640 1460 939 1554 inverecundeque
964 1460 1007 1532 de
1029 1462 1123 1534 coitu
1147 1460 1254 1535 verba
1278 1461 1394 1554 iaciat,
1422 1468 1496 1535 tum
1522 1461 1613 1555 quod

356 1594 524 1687 poetriam
553 1593 794 1666 calumnietur.
825 1595 900 1667 lam
925 1593 1035 1683 igitur
1060 1593 1144 1686 quid
1170 1593 1213 1667 de
1237 1600 1385 1689 utroque
1410 1595 1612 1682 sentiamus,

358 1727 554 1800 sublimem
580 1728 735 1801 breviter
761 1721 994 1820 expediamus.

455 1861 553 1953 Quod
578 1861 623 1934 ad
646 1844 745 1953 prius
770 1864 907 1955 attinet,
935 1885 1019 1936 sane
1044 1885 1115 1935 non
1140 1863 1178 1934 in
1204 1864 1321 1935 animo
1337 1870 1389 1936 est
1415 1862 1516 1935 nobis
1543 1864 1595 1936 Ro

358 2016 500 2094 manum
525 2001 663 2086 poetam
695 1994 888 2089 defendere,
915 2002 952 2068 at
977 1995 1099 2068 saltem
1126 2015 1299 2068 excusare.
1328 1996 1415 2088 Quis
1441 1997 1535 2069 enim
1552 2001 1614 2079 ,est

309 2121 311 2126 ’
358 2126 418 2218 qui
444 2126 585 2212 nesciat,
624 2132 756 2218 quanta
782 2148 860 2199 cum
885 2126 1046 2200 libertate
1077 2134 1210 2199 veteres
1236 2127 1423 2218 scriptores
1449 2128 1486 2200 in
1511 2126 1613 2199 rebus

278 2330 280 2335 .
358 2263 524 2338 Venereis
548 2265 734 2338 narrandis
748 2268 875 2341 versati
890 2267 978 2340 sint?
1004 2268 1040 2340 si
1054 2267 1240 2340 contuleris
1254 2288 1283 2339 e.
1298 2287 1331 2358 g.
1347 2289 1401 2339 vv.
1420 2246 1611 2340 ida-150

359 2401 465 2498 huius
491 2401 660 2492 epistulae
686 2423 765 2474 cum
790 2401 962 2493 Propertii
989 2400 1031 2493 V,
1061 2405 1154 2493 7,19
1183 2423 1244 2493 sq,
1272 2401 1325 2474 vel
1346 2400 1615 2494 descriptionem

359 2557 488 2626 eorum,
515 2556 603 2629 quae
616 2534 756 2627 Sappho
781 2558 802 2608 a
827 2536 970 2609 Phaone
994 2536 1117 2609 relicta
1141 2557 1204 2626 per
1230 2557 1387 2608 somnum
1413 2535 1519 2628 videt,
1547 2538 1611 2608 im·

311 2701 315 2712 ·
360 2672 485 2763 primis
511 2694 543 2743 v.
574 2673 642 2742 133
671 2691 733 2763 sq,
749 2692 826 2743 cum
841 2671 896 2763 iis,
911 2692 999 2762 quae
1024 2670 1191 2743 Horatius
1217 2669 1321 2744 Satio.
1349 2670 1377 2762 l,
1405 2676 1438 2762 5,
1466 2675 1609 2743 82-85

360 2805 403 2878 de
428 2827 466 2878 se
491 2807 565 2898 ipso
592 2804 759 2896 aperlida
784 2804 912 2878 ancilla
937 2804 1079 2896 decepto
1102 2811 1234 2898 narrat,
1260 2805 1374 2877 facere
1387 2826 1457 2877 non
1470 2805 1612 2911 poteris,

360 2941 444 3032 quin
471 2937 664 3012 Ouidianas
703 2938 953 3030 descriptiones
991 2937 1190 3012 earundem·
1204 2959 1320 3010 rerum
1347 2936 1613 3010 verecundiores

361 3093 436 3145 esse
461 3073 546 3144 mihi
575 3072 751 3146 concedas.
779 3073 945 3147 Attamen
959 3073 1089 3148 Teuffel
1104 3080 1289 3166 utrumque
1308 3072 1477 3164 epistulae
1500 3072 1612 3152 locum

319 3297 324 3308 .
361 3207 586 3300 damnavitl).
614 3207 729 3281 Multo
742 3208 860 3282 sanior
873 3207 1048 3280 Welckeri
1076 3209 1248 3280 sententia
1275 3207 1361 3278 mihi
1376 3227 1450 3279 esse
1464 3205 1612 3297 videtur,

360 3345 419 3436 qui
434 3364 477 3414 ex
492 3342 548 3413 his
574 3342 819 3435 similibusque
832 3339 1015 3415 ovidianis
1028 3342 1135 3449 locise
1147 3342 1313 3433 pistulam
1325 3343 1513 3432 genuinam
1540 3360 1614 3412 esse

361 3475 652 3566 concludebat**).
679 3477 800 3568 ltaque
826 3476 855 3546 si
869 3473 987 3547 eadem
1014 3476 1256 3548 aestimatione
1271 3447 1389 3548 omnes
1415 3473 1492 3546 illos
1518 3472 1613 3547 locos

360 3613 554 3703 metiemur,
582 3631 700 3684 omnes
726 3608 916 3683 damnandi
942 3609 1197 3702 respuendique
1222 3608 1414 3701 erunt***).

362 3941 487 3997 ellectum
504 3939 588 3995 nimis
606 3941 721 4008 languet
738 3939 793 4008 (ich
812 3940 882 3996 habe
901 3940 1039 4010 geudblt),
1059 3942 1086 3996 et
1105 3939 1222 4008 elegiaci
1240 3940 1372 3996 cormunis
1389 3955 1495 4012 nomen,
1513 3941 1544 3996 in
1562 3954 1613 4008 quo

361 4030 490 4085 hocloco
518 4029 600 4084 cardo
628 4029 750 4085 vertitur
777 4029 899 4096 qnodque
928 4029 1053 4100 opposita
1082 4017 1134 4086 von
1163 4029 1349 4086 barbitos
1375 4031 1412 4096 (h.
1433 4043 1455 4090 e.
1485 4029 1614 4088 melicum

362 4122 481 4188 carmen)
499 4119 568 4175 satis
586 4133 719 4189 superque
739 4121 841 4192 tuctur,
860 4119 902 4175 ita
920 4119 1066 4176 deleretur.
1089 4120 1268 4186 Quamobrem
1279 4119 1498 4188 vixqoomqmm
1507 4119 1615 4177 llhwal·

361 4211 406 4267 dio
424 4211 642 4280 astipulatumm
662 4224 718 4266 esse
738 4209 909 4266 crediderim.

469 4298 550 4367 pot.
570 4299 628 4356 eius
647 4298 807 4356 [leschichte
825 4299 873 4354 der
892 4301 958 4355 rdm.
976 4299 1119 4354 hiteratur
1139 4299 1178 4355 ed.
1199 4301 1263 4356 tert.
1283 4314 1310 4369 p.
1330 4302 1381 4358 528
1400 4299 1438 4357 in.

456 4387 494 4457 ”l
511 4390 560 4446 lv.
577 4390 612 4446 46
632 4402 688 4455 cdd·
710 4389 760 4452 133
779 4402 817 4455 sq.
845 4389 979 4445 vocantur
1006 4403 1023 4443 a
1046 4389 1186 4444 welchero
1217 4389 1324 4444 «dcht
1352 4387 1568 4459 duidisch»,
1588 4401 1613 4444 v.

362 4480 458 4538 Kleine
478 4479 620 4538 Schriften
637 4480 665 4535 P.
685 4479 713 4534 II
731 4493 757 4548 p.
780 4480 838 4536 120.

443 4568 494 4636 m)
511 4569 638 4627 deterum
656 4567 726 4634 quod
745 4567 780 4622 ad
799 4567 925 4624 ovidium
943 4568 1052 4640 attinet,
1080 4583 1134 4624 non
1161 4568 1439 4639 praetermittendum
1466 4581 1524 4623 esse
1547 4568 1612 4638 puto

362 4661 490 4717 hocloco
509 4656 645 4715 hhualdii
664 4656 816 4713 sententiae
835 4657 1001 4713 mentionem
1019 4659 1119 4730 facere,
1138 4672 1221 4725 quum
1239 4658 1269 4712 in
1288 4657 1447 4714 Iloibeliani
1465 4656 1534 4712 libri
1553 4670 1614 4712 ceu-

364 4751 506 4808 small.
524 4763 550 4818 p.
573 4748 625 4805 174
651 4747 695 4803 bis
714 4747 807 4803 verbis
835 4747 979 4817 expressit:
1009 4747 1073 4803 «llic
1101 4747 1302 4818 nmhhrmgen
1329 4747 1495 4806 llaibels...
1522 4747 1615 4822 ¹gehon
