3804 5786
884 387 1080 462 ..92-

359 597 493 720 Quibus
518 625 762 700 demonstratis
790 624 900 698 Cleidi
926 646 1072 718 quoque,
1112 623 1272 713 Sapphus
1297 620 1432 712 filiolae,
1473 627 1606 710 patrem

359 763 571 856 reduximus,
598 785 641 835 ue
667 763 837 834 immerito
875 760 1070 833 adulterino
1108 759 1276 847 sanguiue
1314 762 1397 828 nata
1423 755 1606 828 diceretur.

359 899 467 971 Porro
492 905 607 970 autem
632 897 800 988 poetriam
826 895 1003 968 viduatam
1027 893 1190 983 PhaouiS,
1217 893 1330 964 fronte
1356 898 1390 963 et
1414 890 1513 964 vultu
1537 891 1609 962 bel-

258 1111 260 1115 ,
360 1033 483 1104 lissimi
509 1031 797 1125 Mytilenaeorum
823 1031 1009 1120 optimatis
1036 1050 1151 1099 amore
1178 1033 1309 1116 raptam
1350 1047 1424 1097 esse
1448 1023 1610 1116 vidimus,

361 1165 421 1255 qui
447 1187 524 1236 cum
553 1164 725 1236 intestinis
751 1163 851 1234 bellis
877 1165 914 1234 in
940 1162 1053 1234 Lesbo
1080 1161 1193 1233 insula
1218 1159 1447 1248 flagrantibus
1473 1158 1612 1232 inSici-

361 1297 443 1368 liam
467 1297 623 1387 fugisset,
657 1296 825 1386 poetriam
852 1296 888 1367 in
915 1293 1127 1367 carminibus
1153 1291 1290 1384 quidem
1316 1313 1390 1364 sese
1414 1315 1491 1364 eum
1517 1312 1613 1362 secu-

363 1437 477 1505 turam
502 1453 578 1505 esse
603 1433 780 1523 cecinisse,
807 1433 917 1522 ipsam
942 1453 1024 1504 vero
1050 1453 1228 1522 uunquam
1254 1432 1291 1502 in
1305 1430 1425 1503 Sicilia
1439 1429 1614 1501 exsulasse

363 1567 587 1642 ostendimus.
613 1568 734 1658 ltaque
759 1565 877 1639 eodem
903 1565 1014 1658 modo,
1054 1587 1120 1658 quo
1159 1565 1228 1636 iam
1254 1571 1334 1636 ante
1368 1585 1430 1636 nos
1457 1562 1614 1636 homines

364 1702 456 1776 docti
483 1701 794 1791 divulgatissimum
821 1698 863 1772 de
889 1698 1051 1790 Sapphus
1077 1697 1250 1770 Leucadio
1293 1698 1384 1769 saltu
1409 1699 1534 1770 famam
1562 1699 1615 1768 in-

365 1836 549 1927 terpretati
575 1841 667 1924 sunt,
694 1855 757 1906 nos
782 1855 916 1925 quoque
941 1832 1035 1905 illam
1060 1833 1204 1904 alteram
1250 1830 1293 1902 de
1318 1830 1472 1921 poetriae
1497 1831 1616 1903 exsilio

366 1969 518 2042 fabulam
546 1969 811 2059 explicabamus.
840 1967 939 2060 Quod
965 1975 1080 2041 autem
1106 1967 1150 2040 ad
1177 1967 1337 2059 Sapphus
1382 1969 1510 2040 amicas
1536 1969 1618 2040 atti-

367 2110 437 2194 uet,
464 2103 688 2176 Anactoriam
715 2109 747 2174 et
774 2103 973 2192 Anagoram
1005 2101 1148 2174 eandem
1174 2108 1277 2194 atque
1315 2124 1421 2175 unam
1460 2123 1534 2174 esse
1560 2100 1618 2175 de-

369 2239 637 2311 monstravimus
663 2259 914 2330 numerumque
941 2260 1059 2338 earum
1087 2224 1225 2332 Sydrus
1264 2239 1404 2311 nomine
1432 2260 1450 2309 e
1479 2260 1619 2329 corrup-

370 2372 415 2443 tis
441 2372 625 2462 scripturis
651 2379 748 2444 eruto
774 2373 942 2443 auximus.
982 2373 1057 2443 Iam
1095 2373 1158 2443 sub
1184 2371 1295 2455 finem,
1321 2345 1650 2445 commentationis

371 2503 592 2597 Sapphonem
618 2504 796 2598 nunquam
823 2509 1074 2597 epigrammata
1100 2507 1282 2598 scripsisse
1295 2529 1364 2580 uon
1378 2508 1483 2598 primi
1510 2509 1621 2580 anim-

371 2638 595 2713 advertimus.
1138 2651 1139 2654 ’

472 2771 528 2848 En
554 2759 796 2845 tibi‘fructum
833 2773 963 2845 laboris
1001 2774 1147 2846 anobis
1185 2796 1248 2865 pro
1286 2776 1420 2847 viribus
1459 2779 1622 2868 suscepti3

375 2929 477 2999 quem
503 2909 567 2981 etsi
593 2930 662 2982 non
687 2908 823 2999 largum
862 2930 937 2980 esse
975 2911 1149 3000 statueris
1188 2918 1304 2983 tamen
1342 2910 1477 2984 nullum
1510 2911 1624 2985 dicere

377 3063 446 3115 nou
473 3041 626 3116 audebis.
666 3042 784 3116 Unum
822 3051 935 3116 autem
971 3033 1049 3135 cst,
1072 3044 1162 3136 quod
1187 3047 1336 3118 maxime
1362 3047 1555 3138 timeamus,
1580 3069 1626 3119 ne

377 3177 455 3270 quis
480 3183 663 3268 propterea
689 3199 709 3248 a
735 3179 864 3250 nostris
889 3184 1079 3270 avertatur,
1106 3177 1198 3270 quod
1230 3199 1300 3250 non
1325 3201 1433 3252 novas
1459 3179 1626 3272 quasdam

379 3305 559 3402 opiniones
586 3310 628 3384 de
652 3310 813 3402 Sapphus
851 3313 923 3384 vita
961 3313 1133 3402 sagaciter
1159 3315 1371 3402 excogitatas
1410 3315 1627 3406 proposueri-

381 3464 469 3534 mus,
496 3443 556 3516 sed
581 3444 783 3535 plerumque
808 3443 938 3518 tradita
963 3452 1159 3519 sustentare
1197 3453 1301 3538 atque
1326 3449 1416 3519 tueri
1456 3446 1628 3520 studueri-

381 3595 469 3666 mus,
496 3575 585 3666 quod
607 3575 757 3649 vfortasse
783 3585 953 3651 nonnemo
978 3600 1184 3670 regressum,
1212 3601 1281 3651 non
1301 3600 1521 3675 progressum
1535 3559 1629 3651 dixe

382 3711 440 3782 rit.
468 3711 567 3803 Quod
593 3713 764 3803 imprimis
789 3715 826 3785 in
853 3735 893 3786 ea
918 3712 1021 3805 cadit,
1049 3735 1137 3805 quae
1162 3711 1286 3787 Suidas
1325 3712 1368 3785 de
1394 3713 1554 3806 Sapphus
1579 3713 1630 3784 l-

384 3845 480 3916 milia
504 3847 690 3918 memoriae
714 3845 878 3936 prodidit
905 3868 993 3940 quae
1019 3848 1135 3919 omnia
1161 3868 1202 3917 ex
1227 3848 1376 3937 optimae
1413 3855 1514 3919 notae
1539 3847 1632 3918 fonte

386 3952 539 4051 aSuida
563 3979 618 4052 vel
643 3981 758 4070 potius
785 3981 959 4072 Hesychio
986 3981 1110 4053 hausta
1148 4003 1236 4052 esse·
1250 3990 1369 4054 contra
1401 3984 1632 4055 recentiorum

388 4120 579 4186 commenta
591 4115 767 4207 plerisque
780 4115 1071 4206 applaudentibus
1084 4115 1220 4205 prolata
1235 4117 1361 4206 optime
1376 4114 1513 4188 defendi
1534 4137 1635 4206 posse

387 4241 610 4319 ostendimus.
637 4249 759 4338 ltaque
786 4249 842 4320 hic
868 4270 1001 4340 quoque
1024 4271 1151 4320 novum
1164 4256 1408 4338 argumentum
1427 4251 1634 4341 protulimus

297 4407 299 4412 ·
388 4388 601 4472 contraeas,
628 4385 688 4474 qui
714 4384 839 4474 omnia,
866 4404 953 4475 quae
980 4382 1072 4472 apud
1098 4385 1298 4472 posterioris
1336 4384 1462 4456 aetatis
1489 4385 1636 4474 scripto-

388 4538 443 4590 res
468 4519 701 4609 reperiuntur,
728 4525 889 4608 suspecta
913 4519 1062 4610 fictaque
1100 4541 1173 4592 esse
1198 4540 1402 4609 persuasum
1444 4519 1634 4610 habent*).

498 4760 684 4827 bSubsoribo
704 4762 869 4818 senteutiam
888 4762 1020 4830 anonymi
1039 4761 1139 4817 iudicis
1166 4761 1293 4818 Sittliani
1312 4759 1380 4815 libri
1399 4759 1429 4813 in
1448 4759 1520 4814 Neue
1541 4757 1638 4827 philol.

390 4851 555 4914 Rundschau
572 4867 598 4913 n.
619 4855 650 4910 lb
669 4856 702 4919 (a.
734 4854 819 4925 1886),
838 4868 864 4923 p.
885 4855 937 4911 244
954 4854 998 4909 his
1018 4853 1110 4911 verbis
1130 4867 1295 4922 expressam:
1317 4850 1495 4908 ‹llulrritisoh
1513 4849 1570 4907 und
1588 4862 1638 4905 uu-
