3822 5758
855 399 858 420 ’
920 433 954 517 v

310 675 426 769 ostiolo
451 684 567 752 nostro
593 677 644 750 ita
665 677 781 767 tundi
804 697 938 769 sumus,
978 683 1018 750 nt
1042 678 1081 750 in
1099 677 1224 768 priore
1249 679 1323 750 elus
1341 685 1449 770 parte
1474 701 1565 752 eom-

303 811 470 902 pluribus
509 811 693 884 ovidianis
731 811 811 886 loeis
838 834 929 884 oum
969 811 1135 903 Sapplons
1181 814 1394 904 frapmeutis
1433 813 1565 887 adlatis

311 942 561 1015 ostenderimus
586 943 788 1016 Runanum
805 950 948 1035 poetam
972 965 1068 1015 non
1105 965 1123 1015 e
1162 945 1361 1015 comoed
1373 944 1455 1029 lis,
1481 943 1566 1016 sed

310 1073 806 1169 eaipsis'poetriae
845 1076 1175 1149 carminibus
1208 1077 1370 1168 plurima
1405 1078 1565 1168 deprom-
1668 1127 1669 1130 η

303 1211 428 1302 psisse,
455 1210 608 1283 adbibita
619 1219 800 1302 praeterea
813 1211 959 1304 antiano
983 1212 1138 1303 quadam
1161 1212 1314 1304 poetriae
1330 1214 1412 1312 uita,
1439 1235 1481 1286 eu
1497 1236 1566 1305 qua
1700 1295 1713 1308 ,Ι

305 1366 424 1436 panea
448 1349 586 1418 tautum
610 1345 783 1419 ddibam't.
812 1347 870 1418 Ita
890 1347 1027 1437 foetum
1052 1352 1111 1429 est,
1138 1353 1178 1420 ut
1192 1347 1323 1434 multis,
1350 1369 1437 1440 quae
1463 1355 1565 1420 antea

310 1481 444 1553 ineerta
470 1501 540 1554 esse
558 1480 787 1575 putabantur,
814 1481 878 1555 lae
901 1505 991 1556 noea
1006 1505 1094 1556 ansa
1118 1484 1327 1574 confirmata
1350 1483 1566 1576 stabilitaque

307 1611 401 1700 fides
425 1612 549 1686 addito
573 1613 628 1685 sit.
657 1614 747 1686 (lum
772 1635 851 1686 uero
876 1615 1146 1688 demonstrantis
1185 1615 1230 1688 sit
1255 1637 1326 1700 non
1363 1615 1475 1688 solum
1499 1637 1566 1690 sua

306 1745 446 1836 fulcire,
473 1747 674 1838 sedetiam,
701 1769 788 1839 quae
813 1748 1102 1840 contrafaciant,
1140 1749 1328 1840 infirmare
1360 1748 1566 1838 labefaetare

311 1880 476 1969 refutare,
501 1902 564 1954 uos
588 1903 718 1973 quoque
742 1883 932 1955 nonnullas
958 1883 1000 1954 de
1026 1881 1210 1973 Sappboue
1234 1883 1337 1955 tritas
1376 1882 1562 1956 sententias

311 2011 450 2102 reicere,
476 2013 557 2086 aliis
581 2035 687 2086 nouos
712 2036 883 2106 opponere
907 2015 1121 2088 studuimus:
1145 2038 1232 2108 quae
1253 1989 1443 2107 posteriore
1461 2016 1567 2090 buius

311 2145 561 2220 lucubrationis
579 2151 686 2239 parte
711 2149 941 2222 eontinentur.-

410 2279 511 2370 Quod
536 2288 653 2353 autem
677 2283 725 2354 ad
749 2283 845 2354 mam
870 2290 901 2355 et
926 2283 1095 2356 rationem
1120 2284 1257 2376 attinet,
1295 2307 1365 2376 qua
1396 2284 1434 2356 in
1459 2283 1567 2374 disse-

312 2416 420 2487 rendo
462 2414 655 2506 utebamur,
688 2416 897 2508 plerumque
938 2417 1116 2507 imprimis
1157 2417 1196 2489 in
1231 2416 1422 2508 posteriore
1466 2424 1568 2508 parto

314 2548 501 2621 Latronnii
525 2549 623 2622 illius
646 2549 853 2632 sententiam
866 2550 1019 2641 ampleui
1031 2549 1265 2643 sequebamur,
1292 2573 1396 2642 quam
1408 2549 1569 2641 Panotloa

315 2680 371 2770 (u.
397 2682 682 2775 Abbandlunpen
707 2685 771 2756 der
795 2684 932 2758 Berlin.
960 2684 1075 2758 Aleod.
1104 2685 1168 2757 der
1198 2685 1406 2759 Wlssenseb.
1423 2708 1454 2756 a.
1472 2689 1567 2761 1849

310 2842 347 2910 p.
377 2824 472 2915 107)
496 2843 768 2894 commemorans
806 2815 975 2895 laudauit.
1014 2821 1079 2910 „Je
1105 2824 1154 2895 les
1178 2822 1296 2913 luade,
1325 2821 1452 2914 (inquit
1477 2821 1565 2914 ille),

313 2957 336 3028 b
360 2975 403 3025 ne
424 2975 492 3044 pos
517 2955 729 3027 eraindre..
757 2956 800 3027 de
823 2955 988 3028 s'e'oarter
1013 2955 1056 3026 de
1080 2951 1248 3046 l'opinion
1276 2975 1454 3026 sommum
1479 2953 1569 3025 etde

308 3108 478 3179 proposer
514 3089 563 3161 les
601 3089 822 3179 coniecturas,
862 3087 922 3179 qui
958 3089 1036 3162 leur
1060 3087 1298 3161 sembleraient
1329 3086 1565 3179 probables..

272 3219 915 3316 ¹Quandonal'aualopie
956 3221 1570 3312 poursol,ilnefaut‘passe

314 3357 435 3430 laisser
461 3361 598 3428 aeriter
631 3379 702 3447 par
727 3356 764 3428 la
789 3356 921 3428 orainte
964 3356 1007 3427 de
1045 3353 1089 3426 ne
1122 3374 1190 3444 pas
1229 3357 1432 3425 reueontrer
1460 3353 1566 3442 juste.

295 3525 297 3529 v
316 3489 353 3563 O
356 3497 405 3562 est
430 3513 480 3562 uu
497 3491 588 3581 petit
614 3490 773 3563 malbeur
797 3490 882 3586 dont
906 3511 951 3562 on
975 3490 1084 3560 deora
1101 3491 1219 3560 meme
1239 3486 1473 3579 s'applaudir,
1499 3487 1568 3558 si..
1649 3581 1652 3586 .

315 3648 359 3699 on
384 3649 407 3698 a
425 3648 481 3718 pu
505 3630 675 3718 suppirer
699 3627 759 3698 des
784 3647 866 3697 oues
892 3646 937 3697 ou
960 3625 1021 3696 des
1045 3621 1241 3696 reebereloes
1266 3623 1474 3695 nouvelles“.

264 3771 267 3776 ’
415 3760 470 3832 De
495 3781 565 3832 uno
589 3729 727 3832 tantum
751 3727 805 3830 me
830 3766 1031 3869 euousotum
1055 3763 1170 3851 eelim,
1213 3763 1304 3853 qnod
1340 3762 1415 3852 ipse
1440 3782 1570 3852 quoque

315 3895 410 3966 baud
435 3915 517 3966 raro
542 3894 778 3966 molestissime
812 3895 977 3984 ferebam3
1016 3896 1107 3990 quod
1145 3897 1240 3969 enim
1283 3896 1429 3968 Ouidius
1453 3895 1572 3968 Tomis

316 4029 479 4103 eusulons
504 4030 547 4101 de
572 4030 741 4105 librorum
765 4027 886 4122 inopia
922 4038 1061 4122 questus
1086 4037 1144 4116 est,
1183 4031 1222 4102 id
1247 4031 1334 4102 milei
1379 4051 1509 4121 quoque
1533 4028 1573 4100 in

316 4164 399 4236 urbe
423 4163 522 4237 libris
548 4165 690 4237 minime
716 4165 914 4236 abundante
951 4171 982 4237 et
1008 4188 1030 4234 a
1055 4165 1200 4254 copiosis
1233 4163 1438 4237 bibliotbeois
1463 4151 1580 4237 remo·w
1657 4205 1660 4212 ν

316 4299 454 4371 tissima
478 4298 617 4390 dependi
641 4299 905 4371 lamentandum
925 4298 1012 4387 fuit:
1037 4299 1163 4370 multos
1182 4297 1286 4370 libros
1306 4299 1573 4389 eosquedipnos,

316 4431 377 4525 qui
401 4432 598 4504 aeeuralius
623 4434 869 4516 moneremur,
897 4452 940 4503 ne
964 4431 1134 4522 inspicere
1160 4431 1300 4522 quidem
1336 4431 1447 4522 lienit3
1474 4431 1572 4522 alios,

317 4586 400 4656 quos
424 4564 659 4655 iampridem
684 4585 912 4650 eaousseram
952 4564 991 4636 in
1030 4565 1247 4636 retraetando
1284 4563 1574 4654 perpoliendaque

318 4700 481 4790 opusculo
504 4678 632 4772 iterum
658 4700 812 4772 adeundi
832 4705 997 4791 potestate
1023 4697 1190 4771 carebam.
1222 4697 1319 4787 Quae
1331 4697 1575 4788 ennetaimpe-

318 4832 470 4904 alimento
488 4833 647 4924 fuerunt,
673 4833 857 4926 quominus
882 4833 1158 4906 dissertationem
1196 4832 1351 4922 undique
1383 4831 1575 4921 perfectam
