3822 5758
807 381 811 390 “
897 409 1095 480 -1a-
1193 405 1196 413 ⁴

347 640 561 712 'zweifeln“.
590 640 684 712 idem
699 642 905 738 Bernhardy
925 665 1058 734 quoque
1085 642 1251 732 coneedit,
1279 662 1486 734 quamquam
1512 643 1623 731 ipsam

373 773 556 847 Heroidem
595 776 697 846 nihili
735 777 828 864 facit
871 799 913 848 en
953 779 1027 849 eius
1067 777 1172 849 verba
1186 777 1232 866 *):
1290 776 1375 865 „Die
1421 775 1624 847 funizehnte

373 908 523 980 Heroide
548 910 603 981 bei
630 909 782 982 Ovid...
809 905 978 984 bietet
1016 912 1144 983 aueh
1169 910 1274 983 alte
1300 911 1525 982 Notizan
1551 908 1624 982 und
1655 942 1659 950 ·
1709 911 1711 920 ’

372 1041 532 1114 Weloker
558 1045 619 1116 hat
644 1045 701 1115 ihr
726 1046 849 1118 immer
864 1046 1060 1118 Vertrauen
1086 1046 1289 1136 geseheukt3
1316 1044 1376 1115 das
1404 1043 1553 1116 Gedicht
1578 1046 1625 1115 ist

372 1175 455 1246 aber
480 1198 535 1247 zu
562 1184 681 1266 spat
707 1177 803 1248 und
830 1179 1208 1266 mittelmassig
1241 1200 1298 1249 um
1325 1178 1362 1248 in
1389 1177 1554 1248 Batnaoht
1580 1198 1624 1246 zu

373 1307 568 1381 kommen“.
584 1307 588 1314 ’

471 1442 565 1514 Haeo
591 1448 700 1533 erant,
730 1465 820 1537 *quae
857 1443 957 1514 uobis
997 1440 1251 1532 praemittenda
1298 1461 1372 1512 esse
1409 1440 1623 1530 viderentur3

374 1577 542 1669 equibus
567 1579 667 1650 facile
707 1579 862 1668 intellegi
904 1583 1018 1668 potest
1054 1577 1207 1662 laborem
1246 1576 1392 1682 anobis
1432 1596 1494 1665 pro
1531 1575 1626 1646 virili
1695 1619 1701 1630 -

373 1719 472 1802 parte
510 1719 707 1804 susceptum
747 1711 840 1784 haud
883 1732 1180 1801 supervacaneum
1217 1711 1299 1799 fore,
1340 1731 1417 1782 cum
1456 1711 1493 1780 in
1529 1715 1626 1781 tanta

375 1847 577 1936 opinionum
616 1848 784 1920 varietate
823 1854 857 1919 et
896 1854 1051 1918 veterum
1092 1843 1134 1916 de
1172 1845 1306 1935 poetria
1349 1844 1626 1915 testimoniorum

374 1982 492 2071 inopia
517 1988 552 2053 et
576 1961 801 2054 fluctuatione
827 1980 995 2072 quaedam
1036 1979 1183 2070 anobis
1209 1985 1346 2069 reperta
1384 1999 1457 2049 esse
1478 1999 1626 2068 persua·
1693 2039 1710 2082 ·.

375 2136 451 2186 sum
491 2115 689 2207 habeamus,
732 2137 819 2207 quae
858 2116 895 2186 in
932 2113 1132 2206 quaestione
1175 2119 1225 2184 tot
1251 2112 1449 2184 nominibus
1490 2110 1627 2182 difficili

320 2261 321 2270 ’
373 2257 476 2340 atque
503 2255 658 2321 contorta
684 2249 814 2341 aliquid
841 2251 927 2322 lueis
954 2250 1077 2322 afferre
1102 2248 1297 2323 videantur.

490 4832 512 4899 *)
530 4833 562 4887 In
583 4831 657 4887 libro
681 4830 849 4894 «Grundriss
869 4830 917 4885 der
936 4829 1039 4896 grieoh.
1061 4828 1207 4884 hitorutur
1226 4828 1276 4894 (ed.
1297 4830 1322 4898 3)
1343 4828 1379 4894 ΙΙ,
1402 4831 1424 4892 l,
1446 4845 1470 4898 p,
1493 4829 1553 4888 675.
