3822 5758
855 413 1052 498 ..35-

424 655 489 730 His
515 679 624 732 unum
650 664 786 731 tantum
812 655 948 729 addam.
976 656 1114 746 Sappho
1140 654 1184 728 ad
1198 655 1387 728 sententias
1401 652 1580 725 illustram*

327 786 388 861 das
414 795 518 882 atque
543 791 741 864 accuratius
769 789 1011 881 exprimendas
1050 773 1251 881 saepissime
1289 785 1579 860 similitudinibus

326 922 606 1017 imaginibusque
631 945 653 996 a
679 929 806 997 natura
831 921 945 997 ductis
971 923 1145 1012 utebatur3
1171 923 1221 994 ita
1246 921 1334 1012 frag.
1355 925 1400 992 42
1430 922 1580 1011 impetus

326 1059 466 1151 amoris,
492 1060 553 1152 qui
579 1060 616 1132 in
642 1059 810 1151 poetriam
845 1058 960 1149 irruit,
999 1027 1249 1148 cum-‘impetu
1286 1031 1395 1128 venti
1414 1061 1581 1128 montana

327 1200 489 1284 querceta
515 1193 743 1267 concutientis
770 1198 1001 1284 comparatur:
1544 1161 1557 1194 '

543 1322 685 1436 (Ἔρος
712 1303 838 1403 dadr'
866 1321 1041 1417 ἐτίναξεν
1069 1322 1168 1423 ἔμοι
1197 1321 1376 1432 φρένας),

542 1452 753 1554 ἄνεμος
780 1460 871 1535 κατ’
897 1455 994 1567 ὄρος
1020 1451 1173 1569 δρύσιν
1200 1453 1481 1556 §puidam

328 1592 383 1664 Ad
410 1616 514 1686 quam
542 1596 758 1669 collationem
785 1617 892 1686 prope
917 1594 1050 1668 accedit
1075 1617 1125 1686 ea,
1165 1615 1253 1685 quae
1284 1590 1377 1681 apud
1416 1588 1581 1664 Ovidium

328 1751 383 1802 vv.
411 1733 531 1802 9-10
558 1728 600 1803 de
625 1730 745 1803 eadem
781 1751 820 1802 re
845 1735 1014 1822 usurpata
1040 1735 1103 1819 est,
1143 1725 1288 1802 Ovidius
1320 1733 1459 1801 tantum
1485 1747 1582 1810 mon-

328 1863 398 1934 te'm
424 1884 508 1953 agro
540 1870 574 1936 et
599 1885 745 1957 quercus
783 1863 979 1956 Sapphicae
1017 1852 1285 1954 comparationis
1323 1861 1404 1951 igne
1440 1860 1582 1951 frugum

330 1997 566 2071 commutavit:

475 2128 578 2223 Uror,
604 2137 645 2204 ut
668 2130 847 2204 indomitis
872 2128 1390 2223 ignemexercentibus
1416 2111 1559 2203 euris

525 2263 665 2338 Fertilis
690 2265 845 2338 accensis
870 2264 1040 2338 messibus
1068 2262 1167 2337 ardet
1191 2284 1286 2354 ager.

429 2396 510 2471 Jam
535 2403 656 2490 restat,
683 2397 779 2471 utad
804 2398 966 2471 ultimum
991 2399 1052 2491 qui
1066 2403 1221 2490 superest
1239 2391 1582 2488 Sapphiecrum-ve'r-

332 2531 454 2603 borum
479 2532 610 2605 fontum
634 2509 865 2606 recurramus.
893 2532 1042 2625 Antiqui
1079 2531 1264 2622 scriptores
1298 2529 1583 2602 celebratissimu-

213 2749 215 2752 ,
327 2685 406 2736 rum
431 2671 611 2756 puetarum
636 2684 758 2739 versus
783 2686 1034 2758 nonnunquam
1059 2663 1203 2738 laudme
1228 2663 1339 2736 solent
1378 2683 1447 2737 non
1471 2665 1583 2737 nemi·

334 2799 426 2877 natis
452 2800 663 2891 auctoribus,
688 2800 814 2900 quibus
840 2801 1046 2874 nominatim
1072 2797 1256 2872 afferendis
1281 2797 1504 2890 supersedere
1522 2819 1583 2890 po·

258 3039 259 3042 x
332 2939 458 3028 terant,
499 2947 722 3008 cumeorum
762 2935 907 3028 quisque
932 2934 992 3027 qui
1016 2931 1179 3024 legebant
1202 2937 1384 3025 poetarum
1415 2933 1583 3023 optimum
1628 2925 1630 2928 ’

332 3090 503 3163 quemque
526 3069 665 3160 penitus
691 3069 867 3159 cognitum
888 3059 1045 3140 'haberet
1073 3065 1123 3139 At
1147 3085 1210 3138 nos
1235 3065 1366 3140 iniuria
1390 3071 1594 3157 temporum*

332 3202 479 3295 perditis
506 3201 720 3276 carminibus
758 3201 884 3275 incerti
921 3200 1106 3273 haeremus
1132 3206 1167 3272 et
1191 3198 1412 3292 ambigimus,
1445 3201 1584 3273 cuinam

334 3338 399 3411 hcc
423 3338 477 3411 vel
502 3336 589 3411 illud
613 3335 849 3429 fragmentum
876 3337 1103 3428 assignemus.
1132 3333 1231 3427 Quod
1255 3333 1301 3408 ad
1313 3335 1452 3409 melicos
1464 3341 1583 3429 poetas

334 3473 470 3566 attinet,
496 3471 613 3562 Bergk
639 3471 704 3544 sub
730 3470 834 3544 finem
859 3472 913 3543 sui
937 3470 1019 3543 libri
1039 3469 1124 3562 plus
1151 3475 1289 3542 centum
1316 3469 1484 3543 eiusmodi
1502 3468 1583 3543 ade-

334 3612 434 3699 spcta
457 3604 654 3696 fragmenta
679 3604 828 3698 collegit,
854 3605 892 3676 in
917 3603 1044 3710 quibus
1070 3601 1164 3675 haud
1189 3624 1302 3695 pauca
1326 3602 1486 3678 Aeolicse
1503 3626 1585 3697 pce·

335 3761 409 3813 sees
433 3727 583 3813 frustuda
609 3737 926 3831 deprehenduntur.
968 3739 1065 3830 Quae
1090 3759 1169 3810 cum
1200 3738 1459 3832 perlustrarem,
1497 3760 1584 3813 uou-

335 3874 431 3948 nulla
455 3874 501 3948 ab
526 3872 725 3946 hominibus
764 3872 874 3946 doctis
910 3870 1095 3963 Sapphcni
1116 3871 1318 3947 dubitanter
1350 3876 1585 3967 ascriptam

335 4277 463 4336 alludens
481 4277 583 4333 dixisse
611 4275 730 4333 videtur:
757 4278 797 4341 τό
820 4269 969 4361 μελιχρόν
984 4275 1116 4362 αὔχημα
1130 4275 1276 4366 Λεσβίων
1292 4284 1425 4366 Σαπφώ.
1453 4285 1585 4343 Attamen

336 4368 444 4440 Sappho
471 4380 527 4424 non
545 4369 587 4422 est
604 4366 704 4439 prima,
732 4365 805 4436 apud
823 4379 905 4433 quam
932 4378 1030 4448 namen
1055 4369 1227 4424 abstractum
1249 4383 1300 4440 pre
1319 4374 1445 4428 concretu
1464 4374 1584 4443 pesitum

335 4459 503 4530 inveniatur,
523 4472 584 4513 cum
602 4456 684 4512 lunium
703 4470 809 4524 queque
825 4471 891 4512 usus
918 4456 1038 4525 vestigia
1057 4457 1115 4513 iam
1141 4457 1215 4528 apud
1241 4459 1388 4516 Humerum
1412 4464 1529 4536 exstent3
1548 4467 1584 4524 cf.

335 4549 368 4606 ss.
386 4550 468 4620 xxn,
483 4549 537 4608 432
556 4561 604 4620 sa,
622 4547 671 4604 ubi
688 4547 800 4602 Hecuba
818 4546 853 4602 ad
870 4547 995 4603 Hectoris
1014 4546 1131 4604 cadaver
1150 4562 1284 4606 conversa
1300 4550 1343 4607 ita
1360 4551 1540 4612 lamentatur:

976 4661 1068 4722 epos

549 4744 732 4832 εὐχωλῇ
756 4745 840 4814 κατὰ
863 4745 944 4814 ἄστυ
967 4749 1124 4822 πελέσκεο,
1149 4746 1230 4816 πᾶσί
1253 4747 1283 4812 τ’
1306 4745 1477 4839 ὄνειαρ.

1378 4867 1426 4946 3!
