3804 5786
869 483 1068 557 ..58-

343 707 550 780 comicorum
588 708 802 799 fragmentis
848 735 936 805 quae
980 713 1049 785 huo
1087 711 1298 803 referuntur,
1331 712 1421 783 nihil
1447 735 1468 784 a
1496 712 1595 784 nobis
1670 689 1684 786 ,¹

313 869 315 878 a
342 841 547 931 investigari
574 844 697 934 potuit,
726 868 793 938 qno
819 847 878 919 illa
892 849 1008 938 opinio
1035 846 1217 920 hominum
1240 845 1472 946 litteratorum
1500 867 1595 919 men·-

342 974 436 1047 tibus
462 977 569 1050 insita
595 978 712 1052 fulciri
751 982 1009 1073 sustentarique
1035 986 1159 1072 posset.
1186 979 1229 1051 In
1256 1000 1387 1072 quare
1414 980 1595 1052 nobiscum

340 1130 618 1204 unumquemque
655 1114 828 1187 facturum
866 1137 941 1187 esse
979 1120 1153 1206 putamus,
1180 1115 1240 1206 qui
1272 1113 1415 1186 incertis
1443 1087 1625 1186 certiora

272 1289 274 1294 ι
341 1264 554 1336 praeponere
582 1249 692 1319 satius
718 1247 823 1321 ducit.
1353 1243 1355 1260 “

438 1377 655 1452 Firmissimo
682 1363 798 1454 autem
824 1381 1030 1458 documento
1046 1381 1089 1452 ad
1108 1381 1414 1453 demonstrandum
1430 1380 1595 1470 Ovidium

341 1532 404 1584 sna
429 1534 541 1604 neque
566 1516 680 1604 ipsum
706 1515 850 1588 finxisse
875 1537 988 1607 neque
1015 1537 1033 1586 e
1059 1514 1243 1587 comoediis
1271 1516 1429 1587 hausisse
1457 1514 1492 1586 id
1521 1537 1595 1590 esse
1677 1595 1679 1604 ,
1734 1507 1739 1517 ’

326 1653 517 1741 putamus,
544 1647 635 1739 quod
662 1670 707 1720 ne
732 1673 841 1722 unum
869 1649 1008 1741 quidem
1036 1671 1173 1740 nomen,
1208 1672 1258 1720 ne*
1277 1672 1347 1721 una
1373 1639 1513 1740 quidem
1539 1672 1594 1722 res
1622 1664 1627 1672 ·
1670 1659 1676 1670 “
1708 1716 1710 1721 .

340 1784 431 1874 apud
457 1787 651 1860 Romanum
677 1769 814 1878 poetam
841 1809 1052 1880 aquoquam
1079 1788 1231 1860 inveniri
1257 1789 1382 1879 potuit,
1410 1808 1498 1879 quae
1514 1808 1593 1858 eum
1643 1791 1646 1796 ’
1764 1817 1770 1829 ·

341 1918 512 1992 mendacii
538 1923 759 1995 convinceret
799 1923 852 1994 vel
879 1929 1071 2012 temporum
1112 1922 1308 1995 rationibus
1341 1921 1593 2014 quodammodo

341 2055 593 2131 adversaretur.
623 2059 721 2150 Quod
747 2059 892 2132 minime
917 2060 1111 2152 accidisset,
1140 2061 1170 2130 si
1185 2065 1288 2150 poeta
1309 2064 1372 2132 aut
1384 2061 1460 2151 ipse
1472 2058 1594 2132 finxis-

341 2196 393 2262 set
418 2197 480 2263 aut
505 2190 673 2264 eiusmodi
698 2192 828 2265 fontem
855 2194 891 2264 in
919 2191 1160 2283 componenda
1187 2177 1335 2284 epistula
1361 2192 1514 2265 adiisset.

327 2413 329 2425 Α
440 2323 528 2398 Cum
554 2326 663 2416 igitur
690 2349 710 2398 a
738 2325 837 2400 nohis
864 2325 1140 2400 demonstratum
1166 2328 1223 2418 sit,
1251 2326 1420 2419 quomodo
1445 2327 1593 2419 epistula

341 2455 516 2531 Ouidiana
541 2466 616 2532 orta
641 2467 675 2532 et
701 2462 909 2534 concinnata
947 2468 1048 2553 esset,
1087 2468 1197 2534 restat
1222 2466 1262 2532 ut
1288 2458 1483 2552 doceamus,
1510 2460 1593 2553 quid

340 2592 562 2666 emolumenti
600 2615 641 2674 ex
667 2594 733 2667 hac
759 2601 879 2668 nostra
917 2596 1150 2668 minutissima
1188 2595 1430 2668 lucubratione
1460 2597 1593 2689 percipi

339 2747 440 2817 posse
464 2729 655 2817 opinemur.
683 2729 840 2816 Primum
868 2729 979 2818 igitur
994 2727 1076 2801 inde
1090 2729 1248 2819 sequitur
1273 2727 1435 2820 Sapphus
1462 2730 1593 2820 epistu-

338 2859 408 2933 lam
434 2859 651 2948 Ovidianam,
679 2864 807 2954 quippe
832 2883 920 2954 quae
933 2858 1205 2952 vpretiosissimas
1231 2860 1427 2953 Sapphioae
1451 2884 1590 2953 poeseos

290 3025 291 3030 ¹
339 2995 503 3088 reliquias
529 2996 725 3088 multasque
737 3017 792 3069 res
820 2995 863 3067 ad
877 2996 1032 3086 poetriae
1057 2996 1164 3067 vitam
1191 2995 1405 3085 pertinentes
1431 2996 1593 3088 amplexa

340 3131 395 3218 sit,
410 3131 552 3221 plurimi
564 3129 758 3204 faciendam
774 3152 857 3203 esse.
886 3131 1007 3224 Itaque
1032 3132 1102 3202 iarn
1116 3128 1357 3219 supersedebis
1384 3117 1470 3203 illud
1487 3155 1590 3225 quae-

339 3247 426 3353 rere,
454 3263 583 3337 unde
622 3263 846 3336 Ovidius
873 3267 1023 3355 sciat,
1051 3286 1138 3357 quae
1178 3245 1445 3352 aliundenobis
1471 3267 1601 3356 ignota·

339 3420 430 3471 unus
456 3405 577 3471 narret
590 3401 650 3492 *),,
675 3399 832 3490 bonaque
864 3398 934 3470 fide
961 3397 1123 3489 Sapphus
1149 3399 1257 3470 vitam
1284 3396 1484 3472 describens
1509 3400 1591 3473 inde

340 3532 480 3603 haurire
505 3533 645 3623 poteris
674 3531 782 3603 Porro
808 3537 924 3602 autem
951 3529 994 3602 ad
1010 3529 1126 3602 Ouidii
1152 3532 1261 3621 ipsius
1284 3534 1486 3607 carminum·
1503 3557 1590 3625 pan-

339 3664 531 3755 gendorum
571 3666 665 3736 viam
702 3671 805 3756 atque
844 3665 1013 3735 rationem
1058 3663 1219 3735 subtilius
1260 3668 1533 3755 cognoscendam
1559 3675 1592 3742 et

339 3801 508 3891 poeticam
548 3779 703 3872 indolem
739 3774 941 3871 accuratius
964 3796 1217 3870 aestimandam
1245 3807 1401 3872 nostram
1427 3801 1591 3895 disquisi-

339 3937 467 4008 tionem
494 3934 625 4026 aliquid
664 3935 786 4007 afferre
811 3940 846 4006 et
870 3934 965 4005 illius
1003 3934 1172 4006 latissime
1203 3937 1353 4024 patentis
1379 3940 1593 4028 quaestionis

264 4081 268 4090 ‘
340 4070 383 4142 de
408 4047 643 4143 Romanorum
681 4068 808 4140 litteris
845 4088 864 4138 e
905 4065 1047 4138 Graecis
1087 4066 1319 4156 pendentibus
1359 4090 1421 4142 nos
1460 4092 1594 4163 quoque

339 4204 546 4295 particulam
585 4202 727 4274 solvisse
765 4201 925 4274 benevole
964 4200 1135 4290 largieris,
1165 4203 1260 4292 Quae
1285 4204 1494 4293 gravissima
1519 4229 1593 4280 esse

340 4360 528 4412 censemus.
568 4337 618 4411 Ut
642 4359 722 4410 vero
748 4339 774 4408 ii
799 4338 859 4429 qui
900 4337 1100 4427 antiquitati
1127 4335 1304 4409 studentes
1331 4341 1532 4430 saepissime
1557 4343 1594 4414 in

219 4486 221 4492 '
336 4471 537 4545 effodiendis
576 4470 713 4543 aedium
751 4468 985 4542 fundamentis
1022 4474 1199 4561 tamquam
1251 4471 1289 4541 in
1338 4473 1593 4560 praetereundo

378 4683 476 4690 ..u-,-

447 4803 469 4870 *)
491 4803 529 4861 of.
550 4819 575 4861 v.
598 4805 629 4860 17
648 4803 690 4870 (de
710 4801 855 4878 opononq
874 4818 899 4860 v.
920 4804 951 4884 tl
972 4818 1011 4878 aq.
1030 4804 1073 4876 (de
1093 4805 1220 4882 Sapphus
1239 4806 1340 4884 patret,
1360 4821 1385 4863 v.
1407 4806 1456 4870 167
1477 4820 1533 4882 sqq.
1553 4808 1595 4882 (dc

293 4941 295 4946 .
341 4894 522 4962 Deucalione).
