3804 5786
844 419 1039 493 ..71-

315 645 467 732 Siciliam
491 649 618 721 itinere
640 653 795 723 narratio
821 671 891 725 non
917 653 985 724 iam
1011 658 1203 744 propterea,
1231 652 1321 745 quod
1342 655 1379 726 in
1391 652 1568 727 Marmore

315 782 418 857 Pario
442 783 581 876 legitur,
608 788 802 859 necessario
829 809 892 879 pro
917 809 1000 860 vera
1026 788 1230 880 accipienda
1256 796 1318 862 est.
1348 787 1457 862 Cuius
1471 789 1567 863 Mar-

315 918 419 990 moris
445 921 633 993 auotoritas
660 943 730 993 non
757 927 856 993 tanta
883 930 945 1012 est,
973 929 1012 994 ut
1038 923 1069 994 ei
1096 944 1230 1015 semper
1245 922 1348 995 fidem
1363 923 1563 1016 habeamus,

316 1076 392 1125 oum
419 1056 511 1128 inter
536 1078 640 1129 veras
663 1078 718 1129 res
745 1063 936 1130 commenta
962 1079 1097 1150 quoque
1122 1059 1205 1131 illue
1230 1061 1341 1132 relata
1362 1061 1443 1151 sint,
1470 1064 1509 1131 ut
1522 1057 1566 1132 ab

316 1188 512 1262 hominibus
538 1188 648 1260 doctis
674 1191 743 1264 iam
769 1212 838 1263 non
865 1190 969 1263 semel
995 1190 1275 1265 animadversum
1302 1199 1354 1265 est
1367 1193 1414 1286 *);
1442 1193 1566 1285 quibus

315 1321 380 1395 hoo
405 1344 540 1416 quoque
566 1325 607 1395 de
633 1324 793 1416 Sapphus
820 1326 856 1397 in
881 1324 1034 1398 Siciliam
1060 1326 1143 1415 fuga
1157 1334 1204 1398 et
1229 1349 1334 1400 causa
1360 1328 1433 1400 eius
1460 1349 1481 1399 a
1506 1348 1568 1399 no-

315 1458 368 1530 bis
394 1459 554 1551 suppleta
581 1461 814 1532 testimonium
840 1460 1138 1535 annumerandum
1165 1483 1240 1534 esse
1265 1467 1359 1553 puto.

412 1591 521 1666 Porro
547 1594 652 1667 etiarn
679 1614 720 1664 ex
746 1593 907 1685 Sapphus
932 1595 1019 1686 frag.
1049 1600 1081 1668 6:

455 1722 516 1802 ”H
539 1735 579 1801 σε
610 1723 788 1824 Κύπρος
815 1727 880 1802 καὶ
910 1725 1055 1825 nepae
1080 1717 1105 1822 ἢ
1134 1727 1447 1834 Πάνορμος

314 1863 357 1936 de
381 1865 535 1955 poetriae
559 1865 596 1935 in
622 1863 775 1937 Siciliam
801 1850 926 1936 itinere
957 1865 1188 1937 coniecturam
1213 1863 1356 1953 faciunt
1384 1865 1433 1936 ita
1447 1861 1566 1954 Bergk

314 1988 358 2063 ad
384 1990 450 2062 hoc
473 1988 561 2079 frag.
588 1990 757 2080 poetriam
783 1989 989 2063 ‘Sicularum
1016 2011 1133 2062 rerum
1159 2011 1229 2061 non
1256 1987 1565 2080 expertem'fuisse

315 2125 374 2198 ait.
402 2123 451 2197 At
476 2123 564 2196 obici
589 2129 703 2215 potest
728 2123 906 2214 Sapphoni
934 2145 1004 2196 non
1030 2124 1138 2196 fuisse
1163 2144 1248 2214 opus
1274 2124 1487 2216 itinere,
1528 2128 1569 2196 ut

315 2258 477 2331 Panormi
504 2257 651 2330 Veneris
678 2258 807 2331 cultum
833 2265 906 2329 tum
932 2257 1090 2336 floruisse
1115 2231 1230 2328 sciret.
1263 2255 1393 2348 Quodsi
1419 2279 1500 2329 vero
1527 2279 1566 2330 eo

315 2399 518 2482 argumento
546 2398 694 2484 utamur,
720 2397 794 2462 tum
821 2414 895 2464 eam
922 2389 1073 2486 Cyprum
1093 2391 1392 2485 quoqueinsulam
1406 2392 1567 2463 visitasse

315 2524 571 2601 eoncedendum
598 2528 673 2599 erit.
702 2527 823 2618 Itaque
849 2527 913 2598 hoo
938 2532 1180 2615 argumentum
1219 2546 1264 2596 ne
1290 2526 1392 2597 nauci
1431 2523 1569 2617 quidem

314 2660 510 2734 faciendum
549 2682 624 2733 esse
662 2659 831 2734 contendo
876 2661 1114 2751 originemque
1157 2625 1467 2748 geographieorum
1507 2679 1569 2731 no-

307 2793 447 2869 'minum
472 2797 510 2875 in
536 2795 709 2886 Sapphico
729 2795 890 2866 ¹carmine
916 2815 934 2865 e
960 2795 1131 2866 communi
1157 2799 1336 2885 poetarum
1369 2813 1434 2864 usu
1461 2791 1568 2883 expli-

315 2931 460 3004 candam
487 2951 560 3002 esse
587 2951 718 3002 conseo.
746 2928 940 3002 Menandro
970 2929 1061 2999 enim
1086 2928 1227 3000 rhetore
1264 2933 1353 3000 teste
1392 2928 1569 2999 invocato-
1649 2953 1651 2956 ·

315 3065 447 3139 riorum
472 3067 677 3160 hymnorum
703 3064 903 3136 auctoribus
925 3085 990 3134 usu
1003 3069 1182 3153 acceptum
1209 3061 1469 3151 stabilitumque
1482 3063 1567 3151 erat,

315 3210 355 3277 ut
375 3203 471 3298 deos,
512 3201 556 3275 ad
595 3222 680 3295 quos
719 3195 1021 3299 converterenturg
1059 3201 1168 3272 variis
1207 3199 1404 3271 nominibus
1444 3198 1488 3269 ah
1524 3195 1569 3266 iis

315 3340 410 3431 lodie,
437 3360 525 3431 quae
550 3339 720 3411 invocatis
747 3338 813 3408 diis
840 3336 1035 3428 deabusque
1060 3315 1236 3426 imprimis
1263 3334 1459 3440 placebant
1486 3329 1569 3403 duo-

315 3476 362 3547 tis
387 3476 599 3566 invocarent,
626 3473 717 3567 quod
742 3474 862 3546 rhetor
887 3472 945 3544 ille
969 3473 1007 3543 in
1033 3472 1232 3542 universum
1260 3469 1315 3540 his
1328 3468 1443 3540 verbis
1469 3487 1570 3557 prae-

316 3610 418 3700 cepit:
449 3595 618 3680 Μέλλων
645 3597 687 3680 de*
713 3595 909 3706 πληροῦν
935 3596 1009 3696 τήν
1038 3600 1250 3679 ὑπόθεσιν
1278 3597 1409 3702 χρήσῃ
1452 3599 1509 3674 oio
1526 3622 1568 3674 α-

317 3731 630 3834 κληγικοῑς
669 3737 925 3840 ὀνόμασι
966 3740 1083 3812 rori
1115 3722 1569 3824 deodod‘rorc,dhh'

1173 4011 1188 4044 0

424 4149 446 4214 *)
464 4149 521 4204 lino
531 4147 633 4202 referri
642 4149 732 4216 potest
743 4162 767 4203 v.
780 4149 812 4204 65
826 4161 863 4213 sq.
876 4147 973 4202 fabula
984 4146 1016 4200 de
1028 4145 1176 4202 Stesichori
1187 4145 1284 4212 poetae
1305 4143 1345 4197 in
1363 4141 1570 4199 droeoiam

317 4239 480 4308 itinere,
501 4238 603 4304 dequo
624 4237 658 4293 of.
678 4238 769 4294 Flaoh.
789 4239 808 4294 l.
828 4239 846 4293 l.
867 4253 892 4306 p.
913 4239 948 4294 24
976 4237 1004 4290 et
1023 4234 1183 4292 deschiohte
1203 4234 1228 4290 d.
1247 4245 1288 4302 gr.
1308 4235 1373 4301 hyr.
1393 4248 1419 4301 p.
1440 4233 1501 4302 321,
1521 4231 1570 4286 ubi

317 4320 386 4382 haee
405 4327 531 4394 legimus:
551 4326 615 4382 «Die
644 4326 674 4380 in
693 4326 743 4382 der
770 4325 1007 4381 Marmorohronik
1036 4323 1156 4378 dariihor
1176 4323 1320 4378 erhaltene
1347 4321 1425 4377 Notiu
1445 4319 1571 4377 verdient

317 4417 396 4472 nieht
423 4416 476 4472 den
503 4415 664 4483 geringsten
692 4416 825 4485 (thuben,
853 4415 888 4470 da
918 4414 956 4468 sie
985 4412 1112 4480 gundroh
1141 4411 1191 4467 auf
1218 4411 1367 4478 lirtindung
1395 4425 1428 4466 uu
1447 4409 1571 4464 beruhen

318 4512 453 4584 soheint»;
471 4527 552 4581 porro
565 4511 599 4567 of.
624 4511 692 4568 ibid.
711 4526 737 4579 p.
757 4511 808 4568 326
829 4524 891 4566 ann.
904 4514 926 4566 l.
938 4505 1276 4566 deterumianhoeohhl.
1287 4507 1306 4561 1.
1317 4519 1343 4573 p.
1355 4504 1406 4561 303
1426 4500 1570 4558 harmoris

319 4601 394 4658 Parii
413 4603 551 4656 auotorem
573 4601 764 4656 «mediocriter
783 4600 891 4656 doctum
911 4598 1049 4655 hominem
1067 4595 1153 4651 inisse
1174 4595 1314 4661 omnisque
1333 4592 1443 4661 generis
1463 4603 1570 4646 errores

204 4697 206 4707 “
319 4695 346 4748 et
366 4692 436 4749 vitia
455 4692 489 4746 ab
509 4707 539 4746 eo
560 4691 703 4748 commissa
720 4705 792 4745 esse»
824 4690 871 4746 ait.
902 4689 1081 4755 Quamobrem
1109 4702 1164 4741 non
1184 4698 1390 4755 supervaoanea
1408 4683 1481 4752 sunt,
1500 4695 1569 4747 quae

318 4783 408 4852 Bergk
426 4782 499 4838 ond.
520 4783 533 4838 I
551 4797 577 4852 p.
597 4784 648 4840 277
668 4781 782 4838 monuit:
804 4781 866 4837 «hie
886 4780 1016 4846 hngahen
1043 4782 1089 4847 (so.
1118 4777 1166 4832 des
1190 4777 1223 4836 h.
1244 4777 1282 4846 P.)
1310 4775 1371 4830 sind
1400 4788 1471 4829 nur
1499 4772 1574 4830 mit

318 4870 508 4926 Vorsioht
525 4883 559 4928 uu
577 4871 736 4930 benutuen».
