3804 5786
813 421 1012 494 ..37-

379 650 510 743 Itaque*
527 649 709 724 dubitandi
750 671 855 723 causa
893 648 935 721 de
960 650 1113 741 poetriae
1152 652 1278 724 marito
1316 649 1453 724 sublata
1492 647 1537 723 ad
1683 667 1689 676 “

282 784 386 858 aliam
412 785 647 877 quaestionem
673 782 888 874 accedamus,
916 806 1000 856 num
1028 782 1170 860 Oleis
1207 785 1449 875 poetriae
1482 786 1538 859 fi-

280 921 353 994 lia
378 943 418 993 ex
444 921 626 1012 illegitimo
653 943 730 993 cum
756 921 897 993 Phaone
924 921 1085 1010 coniugio
1111 928 1192 1010 orta,
1214 922 1270 1011 sit,
1294 920 1391 1014 ⁴quod
1418 922 1536 995 Murio

285 1054 441 1148 (History
468 1055 506 1126 of
528 1052 587 1126 Gr.
615 1054 666 1127 lit.
694 1077 725 1127 v.
741 1053 804 1145 lll,
831 1075 863 1144 p.
888 1057 973 1146 278)
1002 1055 1113 1126 visum
1139 1061 1204 1143 est3
1231 1055 1439 1127 recentiores
1453 1075 1536 1127 vero

282 1197 316 1262 et
341 1188 527 1280 Sapphone
553 1187 695 1262 Cercola
721 1190 844 1262 marito
870 1190 1006 1280 privata
1033 1194 1067 1260 et
1093 1188 1202 1260 Murii
1223 1189 1385 1279 opinione
1410 1190 1537 1263 reiecta

281 1322 323 1395 de
337 1307 464 1397 Oleide‘
477 1321 550 1394 filia
575 1324 699 1394 merito
713 1322 898 1413 haesitant,
926 1319 1008 1413 quid
1029 1323 1101 1394 sint
1125 1323 1264 1394 facturi:
1297 1323 1346 1394 ita
1371 1320 1464 1415 Sittl,
1491 1330 1531 1397 ut

282 1481 387 1550 supra
423 1478 456 1549 p.
486 1457 611 1548 otili
629 1456 791 1548 vidimus,
831 1478 875 1529 ne
900 1455 972 1548 filia
997 1458 1040 1528 ab
1067 1456 1200 1528 incerto
1227 1464 1326 1547 patre
1351 1464 1535 1548 procreata

280 1593 433 1684 poetriae
457 1592 583 1664 famam
610 1592 804 1682 ignominia
830 1597 1039 1682 aspergeret,
1067 1588 1222 1663 Oleidem
1242 1610 1312 1664 non
1327 1590 1445 1684 tiliam,
1472 1591 1534 1667 sed
1639 1607 1641 1612 ·

281 1729 430 1803 amicam
455 1695 608 1817 poetriae
632 1726 739 1800 fuisse
765 1726 923 1798 coniecit.
952 1724 1060 1797 Murii
1086 1726 1295 1798 sententiam
1320 1725 1443 1838 salsam
1462 1747 1537 1800 esse

281 1885 321 1936 ex
348 1857 520 1934 Ovidiana
546 1860 695 1952 epistula
720 1866 837 1952 aperte
875 1849 1034 1936 concludi
1072 1865 1195 1950 potest:
1224 1881 1304 1932 nam
1343 1861 1373 1931 si
1399 1861 1535 1950 poetria

280 1993 388 2067 liliam
413 2015 455 2066 ex
480 1993 623 2066 Phaone
648 2000 849 2085 conceptam
875 1992 1065 2082 habuisset,
1092 1990 1240 2065 Ovidius
1266 2014 1341 2065 eam
1365 1991 1411 2066 ad
1423 1991 1536 2067 Phao-

281 2149 360 2200 nem
386 2126 528 2199 minime
552 2126 690 2200 fecisset
715 2129 766 2199 sic
792 2127 999 2198 scribentem
1027 2111 1072 2217 (r.
1104 2127 1202 2218 103):

577 2259 1061 2350 Nildetemecumest,

281 2418 360 2470 cum
385 2397 512 2468 amoris
536 2395 675 2486 pignus
703 2392 793 2486 quod
819 2414 953 2484 semper
978 2394 1176 2465 intueretur
1202 2400 1236 2465 et
1249 2414 1316 2484 quo
1344 2394 1536 2468 consolare-

282 2538 352 2622 tur,
379 2531 411 2602 ei
436 2537 575 2621 praesto
608 2536 711 2602 esset.
751 2526 878 2601 Utrum
915 2548 997 2599 vero
1035 2527 1168 2616 poetria
1195 2548 1234 2599 eo
1260 2533 1424 2620 tempore,
1469 2549 1537 2619 quo

281 2666 435 2739 Phaonis
460 2687 576 2741 amore
601 2670 701 2756 capta
726 2669 811 2755 erat,
839 2662 987 2736 divortio
1013 2683 1033 2734 a
1059 2665 1185 2736 marito
1211 2670 1382 2756 separata,
1409 2686 1455 2737 an
1480 2666 1534 2738 vi-

282 2798 351 2876 dua
375 2799 491 2891 fuerit,
518 2821 563 2871 an
580 2796 741 2904 Cercolae
754 2798 831 2869 vivo
845 2797 1022 2869 Phaonem
1036 2796 1292 2889 praetulerit*)‚
1317 2797 1532 2872 haecomnia
1620 2807 1621 2812 ’

280 2953 489 3025 quamquam
514 2933 572 3006 vix
600 2938 692 3005 certo
717 2930 833 3003 dirimi
860 2937 1034 3022 poterunt,
1061 2938 1179 3004 tamen
1205 2930 1412 3023 quibusdam
1438 2929 1531 3006 indi·

282 3066 346 3137 ciis
371 3086 491 3138 ansam
516 3067 762 3156 praebentibus
790 3065 987 3138 coniectura
1013 3039 1391 3138 solvere'tentabimus.
1418 3065 1535 3139 Maxi-

282 3221 358 3272 mus
383 3200 508 3292 Tyrius
533 3200 555 3270 l.
583 3200 605 3271 l.
634 3222 662 3272 c.
691 3202 712 3272 9
742 3202 787 3292 (v.
816 3198 945 3289 Sapph.
971 3198 1169 3290 frag.136)
1197 3197 1349 3271 Socratis
1375 3199 1535 3272 morituri

282 3334 387 3407 verba
412 3335 634 3426 Xanthippae
673 3334 773 3406 uxori
810 3331 943 3404 luctum
980 3332 1222 3423 exprobrantis
1260 3353 1338 3404 cum
1371 3332 1534 3424 Sapphus

268 3448 398 3540 ¹verbis
425 3469 566 3559 confert,
594 3460 682 3559 qu'ae
707 3466 812 3538 simili
838 3463 937 3538 modo
962 3463 1071 3537 filiam
1098 3466 1268 3539 hortatur.
1297 3441 1531 3560 minoraret,

282 3602 409 3693 inquit,
437 3602 487 3688 ri
508 3597 731 3687 Ξανθίππῃ
757 3590 1012 3702 ὀδυρομένῃ,
1041 3590 1116 3672 ὅτι
1154 3594 1411 3693 ἀπέθνησκεν·
1438 3600 1464 3689 ἡ
1491 3590 1534 3676 δὲ

282 3739 332 3824 τῇ
359 3737 577 3845 θυγατρί·
617 3735 685 3810 Ov‘
711 3737 796 3849 γάρ
836 3739 967 3825 θέμις
1007 3732 1045 3808 ἐν
1085 3726 1382 3837 μουσοπόλων
1424 3732 1536 3846 οἰκίᾳ

287 3874 438 3972 θρῆνον
477 3851 590 3965 εἶναι,
630 3869 710 3946 ov‘a
749 3863 868 3968 ἄμμι
907 3868 1065 3963 πρέπει
1094 3862 1204 3945 τάδε.
1246 3868 1443 3944 Dolendum
1468 3877 1532 3963 est,

282 4004 373 4096 quod
399 4005 555 4096 sophista
579 4028 649 4078 non
675 4006 846 4096 exposuit,
874 4027 936 4078 cur
960 4003 1033 4076 filia
1051 4003 1239 4081 lamentata
1251 4009 1352 4094 esset,
1380 4009 1535 4078 attamen

281 4139 311 4211 si
336 4160 378 4212 ex
403 4141 447 4212 iis
472 4160 561 4232 quae
598 4137 809 4230 praecedunt
847 4138 1051 4211 concludere
1088 4138 1179 4228 licet,
1225 4159 1317 4211 mors
1364 4138 1561 4233 carissimi⁸
1606 4233 1612 4248 ι

281 4274 461 4347 cuiusdam
487 4274 629 4365 lugendi
668 4296 809 4348 causam
847 4275 1017 4366 praebuit.
1059 4272 1150 4366 Quid
1190 4280 1380 4347 astantem
1406 4296 1535 4366 pomae
1596 4241 1612 4272 ὁ

279 4412 404 4486 filiolae
442 4413 556 4485 carius
595 4414 698 4504 quam
736 4411 912 4503 parentes?
950 4412 1071 4501 ltaque
1109 4431 1191 4481 sane
1230 4408 1305 4483 fieri
1340 4410 1467 4501 potuit,
1494 4416 1535 4484 ut

281 4545 372 4619 Gleis
399 4545 574 4619 Cercolam
601 4553 735 4637 patrem
761 4551 869 4617 morte
895 4544 1076 4634 abreptum
1115 4549 1185 4614 tam
1224 4543 1449 4615 vehementer
1474 4542 1533 4616 de-

280 4680 386 4754 fleret.
414 4679 479 4753 Cui
506 4682 649 4752 minime
674 4679 881 4752 adversatur
907 4677 1099 4750 Ovidianae
1124 4677 1294 4768 epistulae
1313 4699 1345 4749 v.
1363 4680 1421 4749 70:

427 4812 635 4887 Accumulat
661 4834 762 4885 curas
787 4811 860 4885 filia
884 4833 993 4902 parva
1019 4830 1123 4901 meas,

385 4986 467 5059 ⁴)of.
487 5003 572 5062 supra
592 5004 619 5068 p,
639 4990 673 5049 to
692 4989 726 5048 ll.
746 4991 773 5048 P.
793 4992 886 5048 locum
905 5004 922 5045 a
939 4987 1019 5046 nobis
1039 4986 1156 5048 restitut
1204 5030 1211 5047 .
