3804 5786
818 363 1015 438 ...91-

288 593 400 684 primo
426 598 567 685 aspectu
605 592 666 667 illa
704 595 954 686 epigrammata
991 600 1154 687 suspecta
1190 593 1315 668 reddit.
1355 592 1471 682 Bergk
1497 587 1542 663 ad

287 726 375 817 frag.
405 730 474 799 120
500 733 638 800 tantum
664 729 729 802 hoc
754 730 967 820 epigramma
991 729 1354 824 tamquamnovioium
1376 749 1397 800 a
1409 726 1543 818 poetria

288 860 474 935 abiudicat:
513 883 576 935 nos
614 876 707 936 vero¹
722 863 894 938 Ouidiana
931 865 1080 956 epistula
1119 864 1225 938 innisi
1265 867 1381 936 cetera
1406 879 1543 953 quoque

289 995 411 1086 spuria
436 1017 511 1068 esse
535 1016 723 1070 censemus:
750 999 787 1069 in
813 997 872 1070 illa
897 999 989 1070 enim
1014 999 1176 1090 Sapphus
1202 997 1394 1072 carminum
1420 994 1542 1069 editio-

289 1149 342 1220 ne,
371 1149 438 1221 qua
452 1127 598 1203 Ovidius
612 1131 786 1222 utebatur,
813 1138 1023 1205 metrum
1048 1132 1338 1223 elegiacum
1364 1129 1542 1203 vixexsti-

229 1356 232 1362 ,
287 1261 371 1336 tisse
395 1287 437 1336 ex
462 1265 561 1355 epist.
589 1289 620 1338 v.
650 1269 670 1337 5
697 1285 747 1356 sq.
775 1264 934 1339 concludi
960 1271 1083 1358 potest,
1110 1267 1172 1382 ubi
1197 1265 1352 1356 legimus:

394 1398 556 1472 Forsitan
582 1405 626 1491 et,
653 1421 761 1492 quare
786 1421 862 1474 mea
886 1401 958 1474 sint
983 1401 1202 1493 alterna,
1228 1399 1390 1493 requiris,
1440 1480 1443 1482 ,

444 1532 618 1626 Carmina,
646 1556 723 1606 oum
747 1535 938 1628 lyricis
964 1535 1030 1608 sim
1055 1537 1166 1626 magis
1192 1540 1277 1627 apta
1301 1532 1430 1608 modis?

288 1667 342 1740 Ex
367 1670 482 1742 verbis
507 1671 599 1742 enim
624 1668 713 1764 ‘sum
737 1671 899 1760 magis
937 1676 1019 1762 apta
1044 1669 1163 1765 lyricis
1189 1668 1312 1744 modis'
1351 1691 1392 1742 ex
1420 1667 1541 1742 Ovidii

288 1804 460 1876 sententia
484 1803 580 1895 sequi
605 1801 743 1878 videtur
768 1802 989 1894 Sapphunem
1014 1802 1164 1894 elegiaco
1191 1825 1346 1895 numero,
1365 1837 1367 1842 ·
1386 1804 1446 1893 qui
1472 1801 1542 1875 illis

288 1935 516 2010 alternis
556 1937 769 2010 carminibus
808 1906 1021 2028 designatur,
1073 1937 1239 2009 minus
1277 1942 1395 2029 aptam
1431 1935 1541 2009 fuisse

288 2073 406 2163 itaque
443 2095 521 2145 eum
558 2074 596 2144 in
633 2071 826 2146 scribendis
853 2072 1064 2145 carminibus
1103 2094 1174 2146 non
1200 2071 1413 2162 adhibuisse,
1453 2068 1544 2164 quod

289 2205 436 2279 Ovidius
462 2228 531 2280 uon
557 2207 708 2280 inventis
746 2207 783 2280 in
808 2207 882 2280 eius
920 2205 1021 2278 libris
1047 2206 1260 2279 carminibus
1298 2203 1448 2296 elegiaco
1475 2227 1541 2276 nu-

289 2341 382 2413 mero
408 2340 616 2431 conscriptis
642 2339 699 2413 illo
727 2338 879 2412 disticho
905 2337 1134 2434 indicavitt).
1195 2399 1200 2410 ,

387 2654 460 2724 Iam
486 2659 597 2725 restat
635 2658 675 2725 ut
701 2653 912 2756 colligamus,
939 2675 1026 2746 quae
1052 2653 1199 2726 anobis
1225 2651 1405 2768 enucleata
1442 2673 1464 2723 a
1488 2661 1543 2722 re*

290 2785 481 2857 cantiorum
507 2784 669 2877 Sapphus
694 2787 787 2858 vitae
812 2784 1103 2877 descriptionibus
1129 2782 1300 2875 differant,
1327 2781 1543 2874 quofacilius

290 2918 430 3011 synopsi
455 2919 633 3010 proposita
659 2919 814 3010 intellegi
852 2921 971 3011 possit,
1011 2917 1095 3011 quid
1120 2919 1341 2991 emolumenti
1381 2921 1543 2990 enostra

288 3052 527 3125 lucubratione
552 3051 597 3123 ad
623 3053 777 3144 poetriae
815 3054 976 3126 notitiam
1002 3052 1242 3143 corrigendam
1280 3053 1332 3126 vel
1371 3053 1542 3146 compleu-

290 3186 369 3260 dam
393 3185 589 3260 redundare
613 3193 808 3261 statuamus
825 3189 893 3282 aa).

395 3321 551 3393 Primum
577 3321 696 3414 igitur,
723 3321 972 3414 utaSapphus
986 3322 1118 3396 familia
1131 3320 1363 3414 exordiamur,
1389 3322 1543 3414 poetriae

291 3453 465 3529 Cercolam
490 3457 657 3528 maritum
680 3453 908 3547 reddidimus,
937 3457 992 3530 cui
1018 3462 1155 3530 tantum
1193 3457 1231 3529 in
1264 3456 1460 3530 Atticorum
1486 3477 1542 3530 co-

288 3588 433 3662 moediis
458 3589 573 3663 locum
597 3590 706 3663 fuisse
731 3592 769 3664 in
794 3591 921 3682 vulgus
948 3589 1111 3683 creditur,
1137 3592 1358 3683 patriamque
1383 3589 1457 3663 eius
1471 3611 1541 3663 non

289 3721 449 3796 Andrum
488 3724 649 3816 insulam,
690 3723 749 3796 sed
787 3723 1011 3797 Antandrum
1048 3725 1169 3796 urbem
1206 3723 1313 3796 luisse
1350 3720 1540 3798 docuimus.

290 3930 394 3937 —...

396 4039 420 4106 ⁸)
438 4040 563 4098 datarum
591 4043 647 4099 iam
675 4043 748 4112 apud
768 4043 884 4100 Nouium
903 4047 922 4102 l.
942 4046 961 4103 l.
980 4059 1007 4114 1).
1030 4045 1061 4102 lt
1081 4044 1150 4100 haec
1169 4043 1296 4112 legimns:
1314 4039 1425 4098 Addunt
1443 4039 1541 4098 suidas

289 4132 317 4186 et
336 4130 454 4188 budocia
484 4127 710 4217 ἐπιγράμματα
747 4132 800 4199 καὶ
834 4129 964 4216 ἐλεγεῖα,
989 4132 1196 4201 Epigrammata
1222 4130 1357 4198 quaedam
1385 4129 1541 4200 supersunt,

289 4221 336 4276 sed
354 4221 458 4277 fidei
477 4220 630 4278 dubiae.
647 4222 685 4279 (tf.
707 4223 781 4280 situ.
800 4225 820 4280 l.
839 4224 858 4279 1.
878 4237 904 4292 p.
925 4224 986 4293 329,
1005 4223 1052 4287 qui
1070 4222 1140 4278 haec
1158 4222 1292 4287 quattuor
1312 4219 1466 4275 carminum
1494 4232 1539 4287 ge·

288 4326 356 4366 nora
374 4327 391 4366 a
411 4303 556 4381 Sapphone'
583 4312 743 4369 abiudicare
762 4327 817 4369 uon
835 4314 968 4382 gravatus
981 4313 1049 4384 ,cst3
1077 4313 1129 4369 alii
1153 4325 1227 4382 vero,
1256 4311 1288 4366 ut
1314 4309 1399 4366 Illach
1423 4311 1443 4365 l.
1471 4311 1490 4366 l.
1510 4324 1537 4379 p.

290 4403 339 4459 511
360 4415 398 4467 sq.
424 4403 451 4456 et
471 4403 629 4470 nuperrime
646 4403 718 4460 Guil.
738 4404 830 4461 Christ
848 4404 878 4459 in
896 4405 943 4460 Iu.
962 4402 1074 4459 titillari
1092 4401 1244 4459 llandbuoh
1272 4401 1320 4456 der
1344 4400 1429 4457 hlass.
1451 4400 1541 4456 Alter·
1644 4402 1647 4408 ’

289 4491 555 4547 tumsuissenschaft
574 4493 601 4548 Τ.
622 4493 671 4549 VII
689 4507 715 4562 p.
740 4495 789 4551 113
809 4493 978 4549 corbariam
997 4493 1163 4548 seutentiam
1184 4492 1302 4556 sequnnt
1338 4533 1344 4546 .

383 4579 419 4646 **)
437 4580 477 4637 sd
496 4582 683 4648 quaestionem
712 4582 876 4651 sapphicum
904 4583 1061 4639 accuratius
1086 4580 1299 4650 cognoscendam
1317 4579 1391 4634 haud
1411 4593 1541 4649 spernen-

289 4669 353 4724 dum
373 4669 571 4725 adminiculum
580 4672 694 4727 Carolus
714 4673 809 4728 Itiedel
829 4672 1019 4742 suppeditavit
1037 4671 1316 4740 incommontatione,
1335 4683 1404 4734 quae
1423 4668 1541 4738 inscrip-

289 4761 319 4819 ta
338 4761 387 4817 est:
406 4761 458 4818 ller
476 4761 679 4830 gegeuutrtige
700 4762 786 4824 Stand
805 4761 852 4816 der
872 4762 1071 4834 Sapphofrage.
1091 4762 1237 4835 (lglauiae,
1258 4777 1282 4815 a.
1306 4761 1391 4828 1881).
