3822 5758
616 1429 1212 1615 Ι11111111111111111111.
1306 1555 1309 1562 ·

393 1860 435 1932 ln
462 1861 585 1932 melica
612 1857 827 1932 Graecorum
852 1860 1009 1932 carmina
1025 1866 1194 1962 quantum
1208 1861 1339 1933 iniuria
1354 1867 1549 1953 temporum

294 1999 454 2083 grassata
466 1999 569 2087 esset,
595 2015 695 2066 nemo
722 1993 858 2085 estqui
885 2015 954 2066 non
980 1995 1169 2066 sexcenties
1196 1992 1436 2086 deploraverit.
1459 1993 1547 2068 Cum

294 2128 390 2201 etin
417 2128 665 2206 Alexandrinis
706 2134 741 2201 et
780 2129 817 2201 in
855 2129 1079 2218 Pergamenis
1118 2128 1337 2223 bibliothecis
1370 2130 1549 2220 praeclara

294 2263 507 2338 Graecorum
532 2265 666 2354 ingenii
681 2269 904 2336 monumenta
923 2265 998 2336 eius
1013 2266 1150 2353 generis
1180 2265 1389 2358 exstiterint,
1416 2265 1461 2339 ad
1486 2285 1548 2338 nos

294 2402 446 2490 exceptis
473 2399 618 2472 Pindari
658 2399 818 2488 epiniciis
858 2398 1209 2490 perpaucissimisque
1256 2404 1448 2472 ceterorum
1473 2398 1549 2472 odis

293 2535 441 2624 integris
467 2534 571 2608 exilia
596 2535 793 2606 carminum
820 2533 1020 2606 melicorum
1048 2533 1244 2624 fragmenta
1270 2533 1458 2626 depravata
1474 2557 1549 2610 cor-

293 2683 397 2767 rupta
423 2677 563 2767 saepius
589 2696 694 2747 sensu
721 2695 819 2747 cassa
843 2675 932 2746 forte
957 2673 1097 2774 fortuna
1121 2681 1366 2766 pervenerunt,
1405 2697 1446 2746 ex
1472 2674 1549 2767 qui-

292 2808 358 2880 bns
386 2807 597 2882 Graecorum
622 2807 903 2897 poesismelicae
941 2806 1193 2898 praestantiam
1231 2797 1303 2879 non
1329 2828 1547 2900 cognoscere,

290 2943 350 3017 sed
376 2912 515 3018 tantum
541 2942 700 3016 divinare
737 2944 791 3017 vel
817 2943 878 3015 ubi
902 2942 1092 3034 plurimum
1134 2949 1172 3015 ut
1197 2945 1247 3017 ita
1273 2941 1387 3016 dicam
1423 2945 1545 3035 primis

291 3079 392 3153 lineis
419 3078 603 3169 designare
628 3079 720 3151 licet.
1570 3063 1571 3067 ¹

387 3212 469 3286 Jam
494 3213 679 3305 quaeritur¹
700 3233 787 3304 quae
812 3211 1034 3301 potissimum
1073 3231 1197 3283 causae
1221 3211 1364 3304 suerint,
1403 3218 1549 3304 propter

289 3369 377 3440 quas
403 3347 576 3437 imprimis
602 3346 725 3419 melica
750 3345 864 3436 poesis
889 3350 962 3416 tam
984 3365 1108 3417 manca
1123 3341 1226 3438 atqde
1240 3343 1421 3419 decurtata
1434 3353 1549 3437 poste-

288 3479 388 3554 ritati
416 3479 546 3554 tradita
572 3485 674 3553 esset.
701 3479 782 3553 Non
808 3478 962 3552 dubitari
987 3483 1101 3570 potest
1126 3479 1212 3572 quin
1239 3480 1354 3570 prima
1379 3481 1549 3569 gravissi-

289 3634 414 3707 maque
451 3635 556 3687 cansa
597 3614 711 3706 posita
745 3614 798 3686 sit
835 3614 873 3686 in
914 3613 1065 3686 aeolicae
1101 3619 1206 3705 atque
1232 3611 1370 3686 doricae
1410 3612 1549 3690 dialecti

290 3743 565 3838 difficultatibus,
605 3746 730 3840 quibus
767 3768 840 3819 non
882 3746 992 3817 solum
1031 3745 1145 3837 latini,
1189 3745 1248 3818 sed
1288 3748 1393 3820 etiam
1430 3723 1549 3838 graeci

291 3879 446 3952 homines
473 3877 632 3952 deterriti
658 3885 752 3971 sunt,
789 3879 974 3971 quominus
995 3877 1082 3954 villis
1111 3878 1325 3951 carminibus
1350 3879 1548 3953 ediscendis

292 4012 532 4118 describendis
558 4012 792 4106 propagandis
819 4034 958 4104 operam
983 4018 1165 4086 navarent.
1202 4011 1303 4104 Quod
1326 4036 1448 4087 verum
1474 4037 1549 4088 esse

292 4154 326 4220 et
351 4147 625 4221 innumerabiles
652 4148 785 4238 glossae
798 4169 817 4219 e
830 4148 962 4220 melicis
990 4147 1203 4221 carminibus
1229 4150 1358 4239 petitae
1372 4154 1549 4224 testantur

291 4292 326 4359 et
351 4285 576 4377 antiquorum
602 4283 761 4356 nonnulli
788 4284 855 4374 ipsi
881 4283 990 4356 libere
1014 4283 1180 4376 fatentur,
1215 4289 1255 4356 ut
1280 4283 1462 4379 Didymus²
1489 4287 1549 4378 qui

291 4419 329 4491 in
355 4418 496 4492 scholiis
535 4416 579 4491 ad
618 4417 847 4509 Aristophan.
887 4417 1135 4508 Thesmophor.
1177 4441 1210 4491 v.
1240 4422 1321 4492 169:
1364 4417 1423 4492 or]
1447 4415 1548 4531 γάρ,

291 4545 416 4646 inquit,
442 4541 670 4628 ἐπεπόλαῖε
710 4543 767 4624 τά
793 4539 1002 4626 Ἀλκαίου
1041 4541 1139 4625 dcci
1179 4548 1279 4642 τήν
1318 4543 1550 4628 διάλεκ-

293 4709 320 4758 r
336 4709 359 4758 ο
375 4710 403 4758 u.
432 4687 540 4759 Porro
566 4686 754 4781 Diospolis
769 4707 904 4778 quoqne
917 4684 1401 4763 Halicarnassensisdevett.
1429 4689 1547 4779 script.

250 4915 252 4919 f
293 4843 384 4895 cens.
413 4842 441 4893 s.
462 4844 493 4894 v.
521 4813 721 4908 Ἀλκαῖος
747 4821 833 4894 haec
858 4826 985 4894 censet:
1013 4809 1224 4896 Ἀλκαίου
1244 4811 1290 4894 dd
1318 4817 1465 4895 σκόπει
1494 4812 1549 4896 ro*

1340 4961 1358 5034 l
