3804 5786
882 335 1103 419 -llhe-

367 570 572 668 significant
608 577 677 650 nisi
716 577 791 650 hoc:
819 577 1121 650 calumniabantur
1159 596 1245 666 eam,
1281 573 1405 646 falsum
1425 571 1563 678 crimen
1588 570 1619 641 ei

369 710 606 784 intendebant.
633 710 790 785 Eandem
829 711 1036 784 sententiam
1074 711 1188 783 inesse
1213 709 1250 781 in
1277 705 1411 780 duobus
1437 704 1621 779 ovidianis

368 845 464 937 lociS,
491 846 551 939 qui
590 845 659 917 huc
696 850 865 937 spectant,
892 827 962 917 iam
987 842 1178 917 ostendam.
1206 844 1358 935 Quorum
1392 843 1489 933 prior
1514 863 1547 914 v.
1576 843 1619 912 19

370 986 492 1072 exstat,
517 979 577 1052 ubi
604 979 744 1072 Sappho
770 979 812 1053 de
838 1001 901 1053 sua
928 1002 1005 1052 cum
1024 978 1147 1071 puellis
1162 976 1411 1051 consuetudine
1426 974 1619 1048 haecdicit:

584 1115 676 1216 Quas
702 1085 1186 1189 non'sinecrimine
1212 1113 1374 1207 amavi*).

371 1247 457 1322 Cum
484 1248 595 1338 igitur
619 1249 829 1341 interpretes
854 1248 919 1321 sub
934 1250 1091 1322 criminis
1110 1269 1195 1322 voce
1221 1247 1418 1340 culpam
1443 1245 1621 1335 intellege-

370 1389 459 1474 rent,
485 1384 620 1473 poetria
645 1383 689 1457 ab
717 1382 842 1458 Ouidio
868 1386 912 1456 iis
939 1384 1105 1457 infamata
1130 1405 1204 1456 esse
1230 1381 1424 1474 videbatur,
1450 1369 1644 1473 ‘imprimis'

371 1538 448 1588 cum
478 1533 567 1606 ,non
593 1517 668 1588 sine
694 1517 858 1590 crimine“
888 1539 952 1609 per
975 1518 1100 1590 litoten
1126 1517 1258 1592 dictum
1282 1518 1494 1620 manime
1520 1538 1622 1588 cum

371 1647 520 1743 culpa
546 1650 771 1741 significaret.
816 1650 915 1744 Quod
952 1659 1136 1745 propterea
1173 1673 1308 1745 quoque
1345 1650 1543 1742 offenderet,
1582 1655 1622 1722 ut

371 1781 542 1856 Welcker.
569 1784 591 1854 l.
619 1783 653 1886 l.¹
668 1807 701 1875 p.
733 1788 801 1856 119
840 1791 934 1859 recte
972 1785 1178 1878 observavit,
1217 1783 1307 1878 quod
1346 1784 1498 1876 Sappho,
1536 1805 1623 1877 quae

371 1937 434 2008 per
458 1922 565 1990 totam
592 1918 775 2010 epistulam
801 1894 844 1990 de
857 1939 918 1992 suo
945 1940 1028 2009 erga
1052 1941 1160 1998 unum
1186 1919 1363 1992 Phaonem
1378 1918 1627 2010 amoreloque-.

371 2057 479 2142 retur,
508 2050 606 2158 ¹male
636 2072 710 2123 rem
748 2072 845 2125 suam
870 2059 999 2144 egeret,
1026 2053 1057 2125 si
1082 2059 1154 2126 tam
1178 2059 1297 2145 aperte
1328 2053 1504 2146 libereque
1529 2053 1623 2125 nel·

372 2186 464 2257 rium
490 2187 621 2258 crimen
647 2187 882 2280 confiteretur,
911 2186 1002 2280 quod
1028 2188 1185 2262 confessa
1210 2188 1386 2260 Phaonem
1410 2189 1553 2260 minime
1578 2186 1623 2260 ad

373 2338 409 2388 se
433 2317 616 2391 allexisset.
658 2318 887 2410 Quamobrem
923 2320 1079 2412 plerique
1116 2321 1272 2394 homines
1311 2320 1424 2425 docti,¹
1447 2323 1506 2413 qui
1533 2321 1624 2394 hanc

261 2493 264 2498 ·
373 2451 557 2542 epistulam
582 2453 791 2545 tractabant,
819 2453 913 2526 illam
927 2455 1070 2526 alteram
1096 2453 1251 2527 codicum
1264 2454 1454 2547 lectionem,
1483 2456 1521 2527 in
1547 2457 1624 2547 qui·
1666 2477 1673 2507 ι

159 2646 162 2652 -
264 2663 267 2668 ,
373 2579 439 2663 bus
464 2612 560 2663 non
585 2592 624 2664 in
649 2591 731 2664 hic
760 2593 820 2684 (sc.
848 2594 885 2664 in
898 2591 1011 2664 Lesbo
1036 2591 1164 2683 insula)
1180 2597 1351 2664 mutatum
1363 2590 1503 2697 legitur,
1523 2612 1623 2683 prae

374 2727 541 2820 tulerunt,
580 2749 646 2820 quo
683 2727 814 2802 factum
841 2734 903 2818 est,
930 2733 969 2800 ut
995 2726 1133 2818 Sappho
1159 2727 1225 2799 hoc
1249 2748 1352 2800 versu
1377 2727 1504 2799 famam
1529 2749 1624 2800 suam

377 2869 499 2936 contra
526 2862 791 2936 calumniatores
818 2861 1025 2934 defenderet.
1053 2860 1291 2934 Nihilominus
1317 2867 1431 2934 tamen
1456 2883 1532 2935 eam
1556 2858 1623 2934 lec-

376 2997 519 3089 tionem,
545 3016 634 3089 quae
659 2997 789 3088 optimo
825 2997 915 3069 libro
941 2997 1078 3089 nititur,
1107 2995 1260 3068 retinere
1283 2996 1374 3089 bret,
1403 2999 1433 3068 si
1461 2997 1584 3070 crim
1597 2998 1626 3068 i-

380 3132 462 3204 nis
488 3153 605 3204 vocem
631 3130 795 3204 hocloco
832 3130 1178 3224 nonproculpa,
1205 3129 1352 3222 sedpro
1378 3130 1626 3222 culpandi

376 3285 529 3338 causa
553 3265 739 3357 acceperis,
763 3286 868 3356 quam
893 3265 1067 3337 notionem
1093 3266 1132 3337 in
1157 3286 1198 3337 ea
1222 3284 1305 3337 voce
1329 3264 1443 3337 inesse
1467 3285 1538 3340 nan
1563 3271 1626 3356 est,

376 3421 438 3471 cur
463 3398 628 3491 exemplis
653 3397 768 3471 allatis
796 3397 1007 3471 confirmem.
1040 3396 1161 3490 Itaque
1187 3397 1327 3490 Sappho
1360 3398 1418 3472 illo
1445 3399 1517 3472 colo
1543 3399 1628 3472 haec

375 3531 451 3604 vult
464 3529 587 3604 dicere:
614 3553 761 3624 quarum
775 3552 870 3604 amor
884 3531 1218 3605 causafuitsceleris
1232 3532 1319 3604 mihi
1332 3531 1468 3605 obiecti.
1496 3532 1533 3606 Si
1547 3554 1628 3606 vero

374 3663 437 3738 illa
461 3665 569 3739 verba
605 3685 701 3738 non
727 3664 842 3737 sine
880 3665 1102 3738 erimine
1135 3664 1174 3739 in
1206 3663 1374 3740 Graecam
1398 3665 1554 3758 linguam
1580 3667 1629 3740 ita

378 3801 592 3876 converteris
606 3807 647 3874 ut
660 3797 750 3872 idem
764 3801 966 3891 significent
977 3807 1082 3894 atque
1106 3800 1212 3877 oria
1243 3792 1338 3877 oda
1352 3808 1417 3895 αβ
1429 3792 1492 3896 λη’
1508 3827 1537 3877 r·
1549 3825 1628 3894 ως,

376 3955 447 4009 non
473 3936 551 4027 erit,
579 3957 641 4008 cur
665 3941 700 4008 et
725 3933 767 4006 de
792 3933 910 4008 eodem
934 3934 1028 4009 fonte
1054 3942 1089 4008 et
1114 3935 1157 4007 de
1182 3935 1300 4009 eadem
1325 3937 1361 4008 vi
1386 3957 1428 4010 ac
1453 3936 1631 4028 significa-

376 4070 471 4144 tione
496 4063 574 4143 cum
598 4070 787 4144 latinorum
813 4077 887 4144 tum
912 4093 1114 4162 graecorum
1139 4071 1322 4145 verborum
1349 4069 1498 4145 dubites.

485 4325 508 4394 t)
526 4325 631 4383 Vriesio
649 4327 720 4383 teste
739 4340 812 4382 uon
829 4327 920 4382 exstat
938 4327 1048 4383 tautum
1066 4327 1097 4381 in
1115 4325 1190 4384 codd.
1210 4326 1429 4384 llraneofurtano
1446 4326 1481 4396 (i)
1506 4328 1534 4383 et
1551 4327 1633 4384 ilem-

378 4416 508 4486 burgensi
528 4415 576 4487 (h);
594 4414 719 4472 defendit
736 4418 798 4485 post
817 4415 985 4484 Naugerium
1001 4418 1037 4484 (v.
1056 4415 1080 4472 J.
1099 4415 1160 4473 thr.
1180 4416 1260 4474 Wolf.
1279 4418 1299 4473 l.
1318 4418 1338 4474 l.
1356 4431 1383 4486 p.
1404 4417 1465 4484 186)
1481 4415 1560 4473 Vries
1577 4417 1597 4474 l.
1611 4416 1631 4473 l.

377 4521 403 4576 p.
423 4507 459 4564 44
477 4520 526 4578 soa
544 4505 610 4561 hic
627 4508 687 4576 (pro
706 4507 789 4572 non)
807 4505 912 4560 hebent
938 4503 1041 4571 reliqui
1068 4505 1100 4561 ll.
1123 4518 1196 4577 mss,
1224 4505 1294 4571 quod
1322 4504 1385 4574 post
1408 4505 1479 4561 alios
1496 4503 1634 4560 Baehrens

377 4597 397 4652 l.
416 4596 436 4652 1.
455 4610 482 4665 p.
504 4596 536 4652 lt
558 4594 663 4666 tuetur,
690 4608 806 4661 quocum
833 4593 904 4649 facit
930 4593 1167 4664 annullato.
1188 4595 1249 4665 2223
1267 4594 1439 4664 Burmannus
1465 4596 1501 4662 (v.
1525 4593 1550 4650 J.
1570 4592 1632 4651 chr.

377 4684 458 4741 Wolf.
477 4685 498 4741 l.
516 4685 547 4750 l)
565 4698 633 4740 nec
651 4683 783 4756 reposuit,
802 4682 930 4755 fortasse,
958 4682 990 4738 ut
1008 4683 1086 4738 Vries
1105 4683 1231 4754 coniecit,
1259 4682 1394 4740 rationem
1420 4681 1636 4756 palaeographi-

380 4789 441 4832 oam
460 4776 577 4848 secutum
596 4787 665 4840 quae
684 4772 767 4830 lectio
786 4772 909 4830 Bentleio
928 4778 1033 4840 quooue
1053 4772 1158 4830 arrisit.
