3804 5786
883 369 1098 458 -loo-

362 604 450 690 Aen.
489 615 557 688 VII
598 620 665 689 341
707 625 780 709 sqq.
820 618 967 707 legimus
984 617 1032 710 *),
1072 615 1163 689 unde
1188 619 1293 691 etiam
1324 618 1476 709 perspici
1502 623 1615 708 potest

362 749 584 822 furialis
610 749 789 841 epitheton
829 752 866 821 iu
892 771 968 822 eam
1007 749 1106 822 deam
1131 750 1262 840 optime
1300 749 1472 841 quadrare
1504 770 1614 842 neque

362 881 529 978 mutando
554 902 639 974 opus
665 903 739 954 esse
754 882 826 974 sa).
856 881 1012 972 Ovidius
1041 883 1095 954 cui
1112 882 1262 972 hocloco
1277 881 1614 973 VergiliauaeAlec-
1721 907 1724 916 ·

360 1023 418 1090 tus
444 1016 710 1109 descriptionem
738 1023 818 1088 ante
843 1017 959 1088 oculos
985 1016 1201 1090 obversatam
1227 1038 1301 1092 esse
1328 1017 1420 1089 haud
1440 1016 1613 1108 improba-

361 1153 480 1226 biliter
506 1153 624 1244 conici,
655 1157 778 1244 potest,
819 1154 893 1242 ipse
931 1151 1071 1225 Heroid.
1114 1153 1149 1224 ΙΙ
1190 1155 1258 1224 119
1298 1152 1353 1223 his
1390 1152 1506 1226 verbis
1539 1155 1612 1226 eius

361 1286 490 1360 Furiae
515 1288 724 1358 mentionem
750 1286 844 1359 facit:
871 1285 1007 1358 ‘Adfuit
1019 1284 1175 1359 Allecto'.
1203 1286 1380 1380 Quomodo
1397 1295 1513 1360 autem
1539 1309 1612 1362 cor-

360 1423 496 1515 ruptela
521 1428 599 1495 orta
623 1425 680 1514 sit,
707 1422 835 1514 optime
861 1423 926 1494 hoo
953 1420 1051 1494 modo
1078 1421 1244 1513 explicari
1270 1428 1393 1514 potest.
1429 1423 1471 1494 ln
1498 1422 1613 1496 codice

360 1555 508 1649 quodam
533 1557 676 1649 antiquo
702 1557 869 1648 scriptum
895 1563 970 1628 erat
996 1554 1081 1627 illud
1119 1557 1308 1645 genuinum
1349 1556 1541 1650 Alecto,
1568 1555 1612 1628 ad

359 1712 464 1784 quam
488 1712 606 1764 vocem
632 1688 873 1781 explicandam
901 1691 985 1762 baec
1010 1689 1125 1779 glossa
1144 1693 1285 1792 appicta
1298 1695 1383 1763 erat:
1410 1689 1610 1785 Erinys.

359 1825 543 1900 Librarius
568 1831 684 1897 autem
711 1825 947 1897 contaminata
973 1825 1148 1915 scriptura
1174 1847 1215 1896 ex
1242 1831 1388 1918 utroque
1419 1826 1525 1898 verbo
1550 1847 1612 1899 no-

358 1982 439 2034 vum
467 1958 731 2051 conglutinavit,
759 1959 857 2030 ouius
883 1959 1035 2049 priorem
1060 1965 1195 2049 partem
1221 1957 1303 2032 ERI
1317 1981 1335 2031 e
1348 1959 1473 2050 glossa,
1499 1966 1611 2051 poste-

358 2094 485 2167 riorem
510 2099 624 2166 autem
653 2091 743 2165 OTO
770 2114 788 2164 e
814 2093 954 2164 nomine
993 2095 1030 2164 iu
1068 2091 1236 2184 epistulae
1268 2099 1430 2167 contextu
1456 2099 1612 2167 exstante

358 2234 564 2319 sumpserat.
591 2227 645 2300 Ita
671 2232 754 2299 nata
779 2246 853 2297 esse
877 2224 1014 2298 videtur
1039 2232 1257 2300 monstruosa
1295 2225 1356 2299 illa
1380 2227 1610 2318 plurimorum

359 2361 456 2437 codd.
482 2362 583 2434 lectio
609 2358 795 2452 ERIOTO,
834 2381 922 2453 quae
947 2366 1080 2452 postea,
1118 2368 1222 2450 prout
1248 2362 1371 2453 cuique
1408 2363 1522 2434 visum
1547 2371 1610 2456 ast,

360 2496 644 2589 corrumpebatur
669 2501 731 2568 aut
755 2494 1016 2567 emendabatur.

456 2627 575 2704 Unum
600 2635 737 2701 tantum
762 2633 825 2718 est,
852 2625 943 2720 quod
968 2628 1081 2719 primo
1107 2635 1248 2719 aspectu
1274 2634 1413 2701 nostrae
1438 2631 1611 2702 coniectu-

359 2785 421 2836 rae
445 2761 624 2836 adversari
651 2761 820 2834 videatur.
848 2761 895 2833 Et
920 2760 1013 2852 apud
1038 2760 1233 2852 Vergilium
1272 2769 1306 2833 et
1331 2761 1423 2854 apud
1449 2762 1610 2836 Ovidium

359 2898 445 2971 haec
470 2919 537 2971 vox
561 2896 739 2988 geminata
764 2896 776 2966 l
801 2896 918 2968 littera
943 2887 1081 2985 scripta
1098 2896 1282 2987 reperitur,
1321 2895 1412 2988 quod
1444 2919 1465 2970 a
1490 2897 1612 2990 lingua

359 3029 493 3106 Graeca
518 3031 663 3122 profecti
690 3031 740 3103 ita
765 3029 1025 3122 explicabimus.
1054 3029 1189 3102 Nomen
1209 3018 1401 3123 Ἀληκτὼ
1415 3029 1610 3105 derivatum

357 3171 410 3239 est
432 3188 454 3238 a
482 3164 587 3238 verbo
612 3157 751 3276 λήγειν
778 3187 804 3237 α
829 3165 1001 3271 privativo
1027 3162 1118 3257 quod
1144 3162 1275 3236 dicitur
1299 3163 1462 3256 praefixo,
1502 3167 1610 3256 signi·

356 3300 505 3394 licatque
542 3322 613 3372 non
651 3305 852 3389 cessantem,
892 3297 1109 3389 indefessam,
1142 3319 1209 3390 quo
1236 3300 1376 3372 nomine
1401 3297 1509 3373 Furia
1535 3301 1611 3374 sine

357 3433 428 3508 ulla
452 3433 709 3540 intermissione
734 3433 910 3505 victimam
951 3451 1051 3502 suam
1078 3431 1259 3521 exagitans
1284 3434 1463 3524 aptissime
1496 3433 1609 3526 desig-

357 3577 440 3645 nata
453 3569 605 3659 esim).
617 3569 749 3659 Itaque,
764 3565 855 3660 quod
868 3563 913 3638 ad
920 3565 1091 3656 originem
1105 3567 1257 3638 nominis
1272 3567 1409 3659 attinet,
1419 3555 1610 3660 'About-oi

356 3705 507 3799 simplici
544 3704 556 3775 l
594 3705 711 3778 littera
747 3707 890 3774 exarata
926 3699 1112 3774 bacchium
1150 3700 1267 3776 efficit.
1316 3702 1421 3794 Apud
1460 3701 1613 3776 Graecos

356 3912 783 3927 ψῃ...-

463 4036 487 4103 *J
506 4037 547 4096 cf.
566 4037 705 4108 imprimis
724 4053 749 4096 v.
768 4039 830 4097 loa:

569 4128 702 4196 Reginam
721 4128 880 4184 Allecto
899 4127 1084 4184 stimulis
1104 4129 1191 4197 agit
1209 4128 1329 4198 undiquc
1348 4129 1456 4200 bacchi.

455 4219 493 4286 ”l
510 4217 610 4274 lutiae
629 4217 706 4286 ipsae
725 4216 862 4274 Pausania
880 4218 950 4273 teste
971 4218 1107 4289 (111124,
1129 4221 1153 4285 1)
1180 4218 1255 4276 cirea
1283 4221 1468 4292 hlogalopolin
1488 4223 1608 4292 Malacae

355 4309 571 4382 appellabantur
591 4309 619 4362 at
637 4306 709 4376 apud
727 4306 893 4374 Aeschylum
910 4320 1015 4373 quoque
1035 4309 1153 4374 (humen
1175 4322 1199 4364 v.
1217 4309 1281 4375 499)
1299 4311 1446 4390 μαιιιάδες
1464 4303 1606 4387 vocantur,

355 4415 417 4457 oum
435 4399 465 4455 id
483 4397 554 4466 quod
573 4395 739 4466 officiebant,
768 4397 800 4450 ut
819 4395 849 4449 in
867 4395 990 4450 furorem
1015 4396 1181 4468 coniectent,
1202 4399 1329 4454 sollemni
1356 4414 1407 4456 usu
1435 4397 1504 4471 ipsis
1522 4402 1608 4460 ascri·

355 4492 475 4548 baretur.
495 4489 534 4546 di.
553 4486 685 4544 Roschari
703 4486 821 4541 bericon
839 4485 889 4540 dor
907 4485 1010 4553 griaoh.
1030 4502 1056 4542 u.
1075 4490 1141 4543 rom.
1161 4488 1276 4556 hluthol.
1299 4503 1324 4558 p.
1346 4492 1422 4550 1325.

437 4577 489 4650 m)
508 4578 547 4636 of.
565 4579 655 4645 litum.
677 4575 710 4631 ll.
731 4590 756 4644 p.
778 4576 821 4646 62,
839 4577 882 4631 lo:
907 4574 1081 4658 ”Athama
1105 4575 1364 4646 ἀκατάπαυστον·
1397 4579 1448 4647 καί
1472 4579 1607 4664 «lapara,-

355 4673 374 4736 ὁ
396 4669 644 4744 ἀκατάπαυστος
667 4663 720 4731 καὶ
745 4664 979 4742 πολύς,-Μίηιιε
997 4668 1072 4720 recte
1083 4665 1145 4722 Pott
1163 4668 1274 4724 Alectus
1291 4682 1390 4725 nomen
1408 4672 1605 4741 peradicctiva

356 4758 532 4829 «implacata,
552 4755 755 4826 implacabilis·
776 4755 978 4824 interpretatus
997 4756 1047 4826 ost,
1066 4769 1091 4812 v.
1110 4756 1205 4811 lluhns
1232 4758 1399 4816 zeitschrift.
1419 4762 1447 4817 ’1.
1466 4761 1496 4818 l.
1515 4763 1605 4831 (1856)

352 4867 380 4926 p.
400 4851 459 4911 270.
