3822 5758
829 388 1027 458 ..31-

901 620 963 691 ΙΙΙ.

396 819 462 892 Vv.
494 821 684 890 123-136
711 815 851 908 Sappho
891 818 1048 909 queritur
1087 820 1232 912 somnia,
1252 789 1296 893 in
1322 823 1447 913 quibus
1474 826 1555 897 solis

261 1044 263 1048 .
302 955 369 1027 sibi
395 954 498 1027 liceat
523 976 600 1026 cum
627 953 768 1026 Phaone
793 955 925 1024 versari
952 960 1056 1045 atque
1069 977 1259 1030 maerorem
1273 977 1373 1029 suum
1387 958 1554 1053 oblivisci,

302 1097 375 1162 tam
402 1089 469 1161 cito
494 1087 693 1178 praeterire.
722 1086 810 1159 Prae
836 1087 958 1158 ceteris
985 1087 1026 1158 cf.
1054 1110 1107 1160 vv.
1142 1092 1210 1161 126
1236 1097 1271 1163 et
1298 1094 1366 1163 135
1394 1112 1456 1184 sq.:

450 1220 819 1311 Sednoulonga
861 1221 994 1294 satis
1030 1222 1220 1311 gaudia
1258 1227 1556 1397 somnusbha-

1501 1335 1554 1399 et.

401 1455 450 1529 At
476 1476 554 1528 cum
580 1475 616 1527 se
641 1453 746 1526 Titan
772 1452 922 1526 ostendit
946 1461 981 1525 et
1006 1455 1121 1527 omnia
1148 1477 1274 1548 secum,

450 1589 560 1660 Tam
601 1589 704 1661 cito
742 1608 811 1658 me
853 1608 1050 1659 somnos
1089 1587 1230 1661 desti
1268 1593 1410 1687 uisse
1447 1614 1555 1784 qug-

951 1705 957 1718 ·
1407 1712 1491 1763 ror
1548 1747 1554 1761 .

304 1827 417 1918 Quam
443 1820 650 1893 sententiam
689 1819 858 1891 Libanius
884 1821 1040 1912 sophista
1071 1819 1119 1900 'ex
1145 1822 1219 1894 eius
1259 1823 1473 1897 carminibus
1499 1825 1556 1897 de-

304 1957 453 2048 sumpsit
479 1956 525 2046 (v.
554 1951 652 2025 Orat.
692 1952 775 2024 Τ.Ι
813 1974 848 2043 p.
876 1957 946 2026 402
987 1952 1039 2026 ed.
1079 1953 1216 2047 Reiske,
1255 1956 1309 2027 vel
1340 1957 1428 2048 frag.
1459 1960 1556 2052 130):

303 2085 481 2188 Σαπφώ,
515 2088 655 2192 inquit,
680 2076 754 2175 τήν
787 2086 953 2176 Λεσβίαν
995 2077 1121 2162 obdab
1158 2075 1382 2164 coctura·
1405 2082 1555 2180 εὔξα-

305 2212 1557 2320 σθαιινύκτααὐτῇγενέσθαιὸιπλασίαν**).

838 2421 1050 2429 -ι----

406 2599 555 2672 Restant
579 2598 718 2689 singula
742 2599 920 2672 variarum
946 2621 1074 2692 rerum,
1114 2599 1308 2693 dequibus
1346 2604 1478 2692 poetria
1509 2603 1558 2678 lo-

307 2739 387 2806 cuta
412 2739 476 2823 est,
502 2733 656 2824 nomina,
684 2752 771 2823 quae
796 2731 877 2806 inde
902 2733 939 2804 in
966 2731 1085 2807 Ovidii
1110 2755 1250 2807 carmen
1287 2738 1558 2828 transmigrave-

305 2872 399 2938 runt.
427 2864 507 2938 Huc
531 2865 684 2955 primum
709 2866 860 2938 rariores
886 2867 924 2937 in
948 2865 1071 2957 lingua
1096 2867 1207 2941 latina
1233 2890 1332 2941 voces
1348 2869 1557 2964 referuntur,

306 3020 396 3093 quae
420 2996 465 3074 ad
491 2998 741 3092 designandam
766 3001 877 3095 lyram
902 3001 1123 3096 adhibentur,
1151 3011 1191 3076 ut
1209 3028 1241 3076 v.
1270 3009 1291 3076 8
1318 3004 1559 3079 barbitos

306 3141 396 3209 etv.
426 3140 492 3209 181
524 3134 712 3230 chelys.
739 3134 843 3207 Prius
868 3134 1073 3208 vocabulum
1099 3137 1136 3208 in
1162 3135 1324 3230 Sapphus
1346 3140 1558 3212 carminibus

305 3271 412 3344 fuisse
450 3271 651 3344 Athenaeus
688 3268 750 3360 IV,
785 3254 856 3343 '182
886 3268 914 3339 F
954 3271 999 3361 (v.
1026 3271 1114 3361 frag.
1146 3273 1230 3365 154)
1269 3278 1429 3346 testatur:
1478 3273 1559 3347 Τόν

307 3397 396 3517 γάρ
418 3402 627 3504 βάρωμον
656 3401 723 3479 καί
745 3399 922 3510 Βάρβι
938 3426 1051 3495 roo,
1077 3386 1133 3478 ὧν
1160 3401 1326 3504 Σαπφώ
1354 3407 1419 3482 καὶ
1441 3406 1558 3483 Ἀνα-

413 3735 436 3804 ·)
453 3735 493 3794 cf.
504 3735 581 3791 inira
590 3750 617 3805 p.
628 3735 856 3803 cia-nramplar
873 3733 956 3789 huius
974 3733 1096 3804 distichi,
1116 3733 1193 3790 cuius
1211 3733 1400 3791 hexametrum
1409 3735 1465 3791 iam
1475 3751 1560 3807 supra

307 3841 335 3897 p.
355 3829 388 3885 20
408 3841 469 3882 cum
488 3825 615 3896 sapphus
634 3823 706 3892 frag.
727 3826 760 3882 95
788 3823 996 3895 composuimus,
1024 3824 1085 3879 Birt
1112 3825 1131 3880 l.
1150 3827 1170 3881 l.
1190 3839 1216 3894 p.
1236 3826 1288 3883 432
1312 3825 1343 3880 in
1361 3813 1559 3895 anonymorum

309 3915 478 3974 callimacho
498 3913 682 3985 ascriptarum
701 3913 772 3981 frag.
793 3914 826 3972 93
846 3913 931 3970 videt:

368 4028 370 4032 ·
479 3985 588 4088 3Hptco
609 4003 641 4069 δ)
663 4004 849 4088 ἠπεροπῆας
871 4001 1087 4099 α’πεπτοίησςν
1111 4001 1247 4091 ὀνείρους

405 4173 408 4178 ,
664 4110 767 4196 ἠέλιος
787 4108 918 4196 ἀνοχῶν.

415 4220 452 4288 **)
470 4221 541 4278 Num
561 4221 633 4289 frag.
653 4221 697 4279 87:
980 4246 984 4251 ,

628 4312 674 4377 ta
695 4310 727 4375 δ’
750 4305 905 4396 ἒλεξάμαν
928 4307 1004 4396 ὄναρ
1031 4309 1241 4395 Κυπρογενήᾳ

308 4421 363 4476 huc
380 4420 557 4476 referendum
585 4419 630 4489 sit,
658 4418 729 4485 quod
756 4418 869 4474 initium
898 4419 1029 4474 carminis
1057 4419 1143 4474 fuisso
1171 4419 1261 4487 Bergk
1289 4421 1323 4476 ad
1350 4421 1378 4478 h.
1403 4423 1422 4479 l.
1451 4421 1560 4494 conicit,

310 4510 419 4566 decerni
437 4524 492 4565 non
510 4509 609 4578 potest.
621 4537 653 4546 -
665 4507 792 4564 dotorum
819 4508 911 4577 Bergk
937 4509 969 4565 in
986 4509 1098 4564 Libanii
1117 4509 1208 4565 verbis
1227 4524 1278 4578 pro
1297 4511 1472 4576 cantapia„
1496 4526 1560 4568 voce

309 4599 505 4686 τριηλαρίαν
523 4601 620 4670 reponi
637 4599 724 4670 iubot3
751 4599 822 4666 quod
849 4613 905 4654 non
923 4600 1094 4670 probandum
1114 4599 1163 4671 ost,
1193 4571 1253 4654 c⁸um
1272 4601 1301 4655 et
1319 4593 1427 4670 Sappho
1456 4601 1561 4672 duplici

310 4692 389 4747 nocte
408 4706 463 4747 nou
480 4692 609 4747 contenta
629 4690 818 4780 immodestior
836 4690 965 4747 videatur
984 4691 1013 4746 et
1030 4689 1129 4746 fabula
1149 4689 1181 4746 de
1199 4691 1316 4748 Hercule
1335 4690 1421 4745 trium
1439 4691 1559 4749 noctium

309 4781 383 4866 iovis
405 4795 466 4837 cum
484 4781 614 4837 Alcmena
634 4781 708 4836 coitu
726 4781 870 4850 procreato
891 4780 925 4836 ad
945 4780 1070 4851 Sapphus
1089 4781 1175 4837 verba
1193 4794 1248 4836 nou
1264 4780 1412 4852 pertineat.
