3804 5786
842 403 1037 476 -gp..

300 631 386 704 simo
411 633 608 706 testimonio
634 641 687 709 est
711 633 906 707 Romanum
932 642 1068 725 poetam
1096 634 1362 725 diligentissime
1386 635 1549 729 Sapphus

299 751 697 858 scrinia‘perscrutatum
712 765 871 840 inde-hoc
884 788 1020 860 qnoque
1033 788 1157 840 nomen
1171 767 1435 860 deprompsisse.
1450 769 1550 862 Quod

300 898 343 972 ad
357 903 467 991 ipsam
492 923 608 974 uocem
636 903 770 995 attinet,
797 891 949 977 debai
964 925 987 982 a
1003 891 1151 988 avdbdc
1165 902 1335 976 adiectivo
1356 902 1550 978 derivatum

256 1085 259 1094 ·
300 1043 363 1127 est,
390 1011 479 1126 quod
504 1033 596 1107 idem
622 1035 798 1126 significat
823 1043 927 1130 atque
953 1038 1097 1110 celeber.
1125 1037 1249 1129 Itaque
1275 1038 1317 1112 de
1342 1040 1415 1131 ipso
1442 1041 1551 1112 nomi-

300 1194 344 1244 ne
369 1195 439 1246 non
465 1178 566 1265 esset,
594 1195 655 1245 cur
680 1171 868 1265 dubitares
909 1175 979 1247 nisi
1003 1175 1086 1247 libri
1124 1177 1356 1268 manuscripti
1387 1177 1453 1248 hoc
1478 1176 1550 1268 epi·

300 1307 410 1380 stulae
434 1307 508 1381 loco
534 1329 743 1399 magnopere
768 1308 986 1383 fluctuarent.
1020 1310 1157 1383 Vriesio
1183 1311 1277 1383 enim
1303 1317 1392 1385 teste
1416 1310 1438 1404 l.
1466 1310 1489 1382 l.
1515 1331 1549 1401 p.

301 1449 345 1516 22
372 1445 492 1536 optimi
517 1442 649 1517 codices
675 1417 849 1516 exhibent:
877 1442 1051 1538 Cydro,
1078 1446 1115 1518 in
1139 1445 1239 1518 libris
1264 1453 1380 1519 autem
1405 1445 1547 1536 inferio-

298 1580 348 1652 ris
374 1585 476 1651 notae
502 1579 569 1651 bae
593 1579 712 1651 variae
736 1578 814 1651 lect
789 1584 900 1652 itones
926 1584 1074 1653 exstant:
1050 1579 1239 1673 tOidno,
1268 1581 1354 1672 Clio,
1383 1578 1549 1673 Oidnolle,

301 1711 492 1804 Oidrio,
522 1710 695 1804 Cadro,
723 1711 988 1807 Sydro,t
921 1711 1071 1806 Cat,hno
1099 1713 1224 1806 Gred03
1264 1714 1551 1788 Bentleiusvero

300 1849 404 1934 nimis
430 1819 557 1921 audaot
541 1855 596 1921 ter
622 1849 779 1921 coniecit:
754 1848 896 1920 tVilis
922 1849 1009 1920 mihi
1037 1848 1138 1922 erede
1178 1832 1345 1944 Gyrinno.
1385 1849 1551 1922 Attamen

300 1985 483 2057 lect'tronem
497 1989 557 2074 opt
558 1984 705 2055 imorum
721 1982 876 2055 codicum
890 1983 993 2055 unice
1005 2005 1124 2056 veram
1138 1984 1309 2056 esseetrn
1322 1982 1551 2055 deterioribus

300 2098 435 2211 qnoque
471 2116 571 2190 libris
604 2118 678 2188 eius
703 2117 850 2207 vestigia
876 2122 1013 2189 exstare
1036 2116 1156 2208 procul
1183 2115 1288 2190 dubio
1320 2116 1552 2189 demonstrari

300 2257 422 2344 potest.
464 2251 555 2324 Nam
581 2252 618 2323 in
653 2250 732 2322 Ald.
761 2251 878 2325 Cornu
905 2250 987 2342 Cop.
1018 2255 1088 2325 268
1116 2251 1146 2322 B
1184 2229 1398 2324 mutilatum
1419 2250 1551 2325 Aeolici

180 2408 182 2413 ’
300 2391 423 2478 poetae
449 2383 628 2458 cuiusdam
653 2386 886 2476 fragmentum
924 2391 1047 2476 exstat,
1088 2385 1178 2478 qnod
1215 2385 1334 2477 Bergk
1374 2385 1549 2477 Sapphoni

301 2517 530 2611 probabiliter
554 2516 747 2591 vindicavit
775 2519 820 2612 (v.
847 2519 935 2608 frag.
966 2519 1039 2611 71);

399 2651 506 2760 aipein
532 2641 727 2741 ἕξεθίὸαξε
752 2647 933 2763 γνάρων
959 2661 993 2730 Χ
1021 2651 1094 2740 τήν
1122 2642 1407 2749 α’ννοὸρόμον.

301 2788 344 2859 In
368 2808 461 2878 voce,
489 2809 592 2877 quam
618 2787 777 2878 appictus
803 2781 990 2860 asteriscus
1017 2787 1183 2878 sequitur,
1223 2784 1317 2858 haud
1362 2783 1467 2858 dubie
1491 2807 1552 2858 no-

253 2916 255 2922 ’
302 2943 382 2992 men
407 2921 587 3012 proprium
613 2921 715 3013 inest,
742 2919 833 3012 quod
860 2922 929 2993 iam
955 2893 1121 3009 Hartung
1146 2918 1235 2993 vidit
1261 2919 1311 2992 ita
1337 2920 1525 3009 corrigens:

397 3049 539 3156 Ἥρων
565 3043 760 3143 &dedicisse
787 3050 945 3155 Γυάρω
973 3051 1047 3126 reio
1075 3043 1392 3152 raoaoopopoo.

299 3178 371 3259 Alii
396 3186 482 3260 alias
509 3187 723 3261 coniecturas
748 3194 1012 3279 proposuerunt,
1040 3209 1127 3279 quas
1152 3181 1184 3260 v'.
1200 3186 1293 3279 apud
1307 3187 1435 3278 Bergk.
1450 3187 1472 3258 l.
1486 3187 1548 3280 li)

300 3320 471 3413 Equidem
496 3343 578 3393 vero
604 3342 680 3394 eam
706 3342 823 3394 vocem
849 3328 1049 3413 corruptam
1076 3341 1151 3392 esse
1177 3322 1274 3392 etin
1300 3321 1360 3393 illa
1379 3322 1553 3411 scriptura

213 3451 227 3477 ⁴
301 3457 404 3527 huius
430 3477 534 3548 quam
548 3455 694 3528 Ovidius
709 3461 951 3529 commemorat
977 3453 1175 3549 Cydrns
1201 3476 1325 3529 nomen
1352 3454 1553 3528 delitescere

302 3609 433 3661 censeo.
462 3587 560 3686 Quod
586 3589 713 3661 litteris
739 3588 939 3661 maiusculis
967 3594 1147 3661 exaratum
1173 3590 1328 3680 apertius
1353 3587 1424 3660 fiet:

729 3721 905 3794 ΓΥΑΡΩ
957 3817 959 3825 Ι
1002 3731 1003 3735 ’

729 3853 901 3928 ΚΥΔΡΩ
985 3917 987 3920 ,

300 3990 434 4062 Versus
459 3995 576 4065 autem
603 3995 656 4061 est
680 4010 794 4080 neque
819 3988 1056 4081 asclepiadeus
1082 3992 1203 4083 maior,
1243 3989 1333 4083 quod
1374 3991 1492 4081 Bergk
1519 3997 1553 4062 et

409 4387 432 4456 *)
449 4388 535 4466 Bloch
554 4383 642 4456 (ingl.
664 4403 691 4458 p.
711 4389 762 4444 les
783 4389 811 4443 et
830 4387 897 4445 situ
916 4390 935 4444 l.
955 4390 973 4444 l.
993 4403 1019 4458 p.
1040 4389 1091 4446 329
1111 4403 1174 4445 ann.
1195 4390 1210 4446 3
1231 4403 1291 4443 oum
1310 4388 1427 4456 Bergkio
1441 4384 1552 4472 Ἥρωι,

301 4473 334 4542 ἐκ
358 4477 481 4560 Γυάρων
500 4479 623 4546 legentes
641 4477 714 4532 banc
734 4490 828 4532 vocem
844 4478 932 4534 Herus
951 4477 1073 4546 patriam
1092 4477 1252 4546 significare
1270 4478 1380 4548 putant,
1413 4492 1474 4534 oum
1493 4492 1554 4534 ver·

302 4569 374 4624 tunt:
401 4569 499 4625 Hero
528 4582 599 4624 von
628 4570 677 4646 vel
700 4583 767 4624 ans
795 4568 956 4638 Gyaros
983 4570 1107 4624 attamen
1135 4584 1200 4625 sane
1218 4569 1320 4625 mirum
1339 4571 1410 4625 esset
1429 4570 1553 4639 puellam

302 4657 395 4724 Gyaro
423 4657 515 4713 insula
542 4657 695 4728 oriundam,
723 4657 771 4712 nbi
794 4658 928 4714 Strabone
956 4658 1025 4713 teste
1052 4661 1085 4727 (c.
1114 4660 1177 4725 485)
1202 4659 1374 4730 pauperrimi
1401 4660 1554 4729 piscatores

290 4744 468 4818 incolebant,
488 4747 523 4802 ad
542 4745 714 4822 Sapphonem
733 4746 887 4826 profectam
916 4761 983 4826 esse,
1011 4748 1043 4801 nt
1061 4748 1134 4828 apud
1154 4762 1213 4803 eam
1228 4745 1327 4813 studiis
1345 4749 1555 4811 humanioribus

304 4849 415 4908 operam
433 4836 558 4904 navarat,
