3822 5758
854 457 972 556 -.37
1002 497 1053 512 .-

208 666 211 670 ’
325 688 447 762 amasii
485 687 633 786 pulchra
670 690 775 762 laoies
813 687 974 776 laudibus
1011 688 1161 762 effertur.
1209 688 1398 780 Egregiam
1424 687 1579 762 Phaonis

324 821 619 916 pulchritudinem
645 823 745 895 multi
772 812 936 896 Ouidiani
960 824 1027 896 loci
1053 822 1268 914 praedicant,
1295 828 1335 913 ut
1360 845 1415 894 vv.
1445 825 1504 914 39,
1519 825 1577 914 94,

325 962 370 1030 95
401 958 637 1048 (,formose“),
664 958 835 1048 imprimis
861 979 941 1030 vero
970 962 1011 1028 21
1041 978 1103 1048 sq.,
1131 978 1233 1048 quem
1258 956 1371 1030 loeum
1385 957 1457 1028 iam
1471 976 1579 1047 supra

324 1118 357 1187 p.
388 1099 431 1166 18
460 1093 677 1167 contulimus:

471 1227 1002 1300 Estintesaoies....

534 1360 1401 1436 Ofaoiesooulisinsidiosameis.

384 1483 387 1493 ¹
422 1497 463 1568 In
489 1497 605 1588 priore
630 1502 747 1569 autem
770 1496 963 1586 fragmento
992 1500 1052 1587 (56
1082 1498 1133 1586 Α)
1162 1518 1180 1568 0
1205 1496 1319 1568 verbis
1351 1518 1383 1567 v.
1410 1500 1434 1567 4
1460 1515 1522 1588 sq.:

717 1615 898 1713 011100
906 1618 1023 1713 Tun
1070 1630 1102 1688 ²

621 1774 902 1849 ΜὈΝΕΙΛΟΣ
1022 1860 1023 1864 ¹

322 1911 495 1984 enucleari
520 1915 633 2001 potest
658 1910 826 2000 poetriam
853 1908 894 1980 de
920 1931 983 1982 sna
1010 1912 1184 1984 maestitia
1211 1915 1245 1982 et
1269 1909 1454 2001 opprobrio
1471 1908 1578 1982 verba

321 2046 442 2117 faeere.
470 2042 666 2134 Utrumque
691 2044 728 2115 in
754 2042 901 2135 epistula
926 2064 1061 2135 quoque
1086 2046 1246 2134 recurrit,
1274 2044 1429 2116 conferas
1455 2044 1577 2136 impri-

322 2181 388 2252 mis
413 2203 467 2252 vv.
498 2182 702 2270 loe-122,
729 2179 790 2251 ubi
815 2176 955 2270 Sappho
981 2179 1156 2252 aPhaone
1169 2180 1290 2252 relicta
1304 2155 1456 2252 dolorem
1475 2199 1577 2251 snum

322 2313 389 2387 sibi
412 2294 599 2406 opprobrio
624 2314 731 2385 fuisse
757 2320 940 2386 testatur.¹
1070 2329 1071 2334 ’

419 2446 569 2519 Etiamsi
593 2453 731 2540 praeter
756 2468 812 2519 eos
825 2447 928 2539 locos,
955 2469 1039 2539 quos
1066 2449 1354 2539 enumeravimus,
1387 2446 1447 2519 alii
1474 2445 1575 2518 nobis

321 2551 359 2653 in
384 2588 546 2672 promptu
586 2555 680 2672 sunt,
719 2589 835 2652 tamen
877 2580 935 2652 hic
972 2582 1213 2672 subsistemus
1251 2603 1295 2652 ne
1331 2577 1576 2653 similitudines

320 2720 533 2804 aucupantes
554 2715 692 2804 longius
717 2715 807 2786 iusto
832 2713 1069 2805 procedamus
1097 2713 1151 2784 le
1164 2716 1207 2786 iis
1223 2734 1314 2805 vero,
1341 2734 1430 2804 quae
1456 2718 1577 2785 eontu-

322 2849 438 2942 limus,
466 2850 632 2942 sequitur,
660 2871 738 2922 cum
766 2849 902 2921 easdem
941 2849 1131 2922 sententias
1171 2850 1266 2922 etin
1293 2847 1441 2939 epistula
1479 2854 1514 2919 et
1539 2847 1576 2919 in

324 2981 476 3056 disiectis
514 2983 656 3054 melleae
695 3003 835 3090 poeseos
873 2983 1089 3074 fragmentis,
1128 3005 1273 3074 quorum
1313 2983 1412 3070 origo
1443 2983 1577 3055 ineerta

323 3126 386 3210 est,
412 3119 556 3210 reperiri
581 3118 782 3210 viderimus,
810 3118 852 3190 de
866 3119 1040 3191 communi
1060 3140 1180 3190 earum
1205 3119 1309 3212 fonte,
1337 3117 1576 3211 Sapphus

323 3274 454 3323 earm
468 3253 480 3323 i
496 3273 555 3323 na
581 3250 668 3343 dioo,
695 3250 776 3323 inde
803 3252 1035 3324 coniecturam
1073 3252 1148 3324 fieri
1172 3273 1272 3343 posse
1312 3252 1406 3325 haud
1447 3254 1576 3343 impro-

322 3382 480 3458 babilem.
1307 3354 1310 3362 Ι

419 3519 562 3591 Praeter
588 3540 644 3591 eos
670 3540 755 3611 quos
786 3519 857 3590 iam
882 3521 1120 3594 recensuimus
1147 3521 1309 3594 imitandi
1343 3520 1460 3594 modos
1487 3519 1572 3595 Ovi-

322 3651 400 3725 dius
437 3655 542 3726 etiam
581 3655 619 3725 in
646 3675 747 3725 oom
762 3651 995 3745 ponenda
1020 3654 1172 3728 Heroide
1211 3655 1372 3750 Sapphus
1415 3656 1575 3746 vestigiis

322 3788 461 3860 institit.
490 3786 647 3859 Primum
686 3789 778 3860 enim
818 3810 872 3860 vv.
904 3793 1096 3862 163-172
1124 3789 1289 3881 Naiadis,
1310 3812 1400 3883 quae
1423 3791 1576 3883 poetriae

323 3919 504 3991 eonsilium
531 3919 600 4012 dat,
627 3927 666 3994 ut
695 3920 736 3992 de
761 3921 935 3995 Leucadio
960 3925 1205 4013 promunturio
1231 3927 1321 3998 saltu
1348 3924 1497 3997 demisso
1521 3927 1576 3998 in-

313 4073 407 4154 sano
433 4056 544 4126 amori
571 4054 759 4146 medeatur,
786 4057 862 4148 ipsa
887 4056 993 4130 verba
1018 4039 1227 4151 referuntur,
1256 4059 1346 4151 quod
1361 4059 1575 4152 Comparetti

320 4187 342 4258 1.
370 4187 391 4258 l.
419 4209 452 4300 p.
482 4193 526 4261 52
566 4189 881 4278 Alexandrinorum
920 4200 1099 4284 poetarum
1138 4195 1293 4285 exemplo
1331 4196 1462 4268 laetum
1501 4215 1576 4268 esse

320 4323 493 4414 opinatur:
520 4324 614 4416 apud
639 4347 695 4398 eos
722 4328 813 4399 enim
851 4349 917 4400 usn
948 4335 1129 4420 acceptum
1167 4331 1285 4422 fuisse,
1312 4337 1353 4404 ut
1377 4328 1441 4404 deo
1467 4330 1575 4404 alieni

322 4459 359 4530 in
387 4460 540 4533 carmine
566 4469 683 4554 portes
708 4462 878 4555 quaedam
903 4464 1012 4536 tribui
1039 4465 1199 4557 solerent,
1227 4467 1277 4537 ita
1301 4472 1341 4539 ut
1365 4473 1466 4556 poeta
1491 4464 1576 4557 ipsi·

321 4592 503 4684 usverbis
529 4615 584 4667 res
610 4596 777 4688 quasdam
804 4618 869 4669 usu
884 4605 1100 4670 consecratas
1127 4600 1283 4672 homines
1298 4598 1444 4672 doceret.
1473 4596 1577 4672 Gom-

320 4728 463 4818 parettii
503 4729 736 4823 coniecturam
774 4729 875 4801 aride
913 4733 1138 4821 arripuerunt
1178 4741 1213 4806 01
1238 4733 1316 4805 Birt
1341 4733 1363 4803 1.
1390 4733 1413 4805 l.
1441 4755 1474 4826 p.
1504 4736 1573 4805 399

321 4868 355 4933 01
380 4863 482 4937 Vries
507 4863 528 4935 l.
555 4863 577 4936 l.
604 4886 637 4957 p.
655 4870 746 4938 146.
777 4866 885 4940 Cuius
911 4869 1016 4938 moris
1047 4889 1254 4962 quamquam
1282 4869 1374 4961 apud
1420 4871 1572 4965 tragicos
