3804 5786
874 357 1067 436 ..cp-2

343 587 507 681 Hartung
533 596 702 682 statuunt,
730 613 841 684 neque
866 599 1082 683 pentameter
1107 590 1268 682 aeolicae,
1302 586 1393 682 quod
1419 586 1593 661 Ahrensio

343 721 485 816 placuit,
512 724 577 796 sed
598 723 794 817 Sapphicus
821 726 886 798 hoc
912 726 1011 804 modo
1036 723 1236 821 precedens:

522 871 524 879 '
608 873 613 880 '
659 918 665 932 .
693 857 865 965 ,Ἥρων
893 848 1273 963 ἐξεδίδαξεΚύδρω.

344 989 540 1066 Novissima
578 1001 693 1068 autem
733 997 806 1068 eius
844 997 1032 1086 fragmenti
1070 977 1177 1068 verba
1217 1000 1251 1067 et
1276 992 1321 1066 ad
1348 973 1592 1082 corrigendum
1633 1047 1639 1058 ,

345 1125 502 1200 difficilia
527 1135 609 1202 sunt
635 1151 746 1222 neque
771 1128 816 1202 ad
841 1137 994 1203 nostram
1021 1151 1095 1201 rem
1121 1127 1310 1220 quidquam
1336 1127 1479 1199 faciunt.
1523 1124 1593 1197 No-

345 1284 424 1334 meu
449 1279 529 1337 vero
568 1267 681 1356 ipsum
719 1255 880 1368 depci
918 1266 961 1338 ab
1000 1263 1171 1338 adiectivo
1210 1252 1372 1359 κυδρός
1398 1251 1593 1333 derivatum

345 1383 422 1469 cum
448 1397 609 1490 Sapphus
633 1400 774 1473 nomme
799 1400 994 1492 comparari
1019 1381 1133 1491 potest
1150 1399 1197 1491 l).

442 1532 536 1624 Quae
561 1553 639 1605 cum
677 1534 727 1608 ita
765 1535 847 1626 sint,
886 1539 921 1606 et
946 1534 1152 1624 optimorum
1191 1531 1348 1606 codicum
1381 1534 1590 1623 scripturam

346 1669 383 1740 in
409 1668 557 1759 epistula
582 1669 832 1744 restituendam
871 1677 906 1744 et
931 1671 967 1742 in
994 1669 1155 1761 Sapphus
1194 1668 1442 1761 discipularum
1474 1677 1595 1742 nume-

344 1820 422 1872 rum
448 1798 643 1895 Cydronem
669 1815 803 1895 quoque
841 1801 1060 1876 referendam
1099 1820 1173 1875 esse
1212 1801 1469 1876 demonstrasse
1494 1802 1594 1876 nobis

345 1932 505 2007 videmur
520 1935 597 2030 ill),

442 2069 651 2163 Praeterea,
678 2084 767 2166 quae
791 2071 836 2145 ad
862 2072 1023 2164 Sapphus
1048 2072 1216 2146 familiam
1230 2078 1336 2164 atque
1348 2073 1477 2145 amicas
1493 2090 1596 2146 accu—
1668 2087 1672 2096 ¹

346 2205 457 2276 ratius
483 2195 716 2295 designandas
742 2207 785 2279 ah
813 2204 986 2280 Ovidiaua
1012 2205 1160 2299 epistrda
1197 2205 1353 2298 profecti
1374 2205 1594 2299 protulimus,

347 2344 451 2416 etiam
477 2341 522 2416 de
546 2366 615 2418 uno
641 2346 835 2418 carminum
860 2365 988 2436 genere
1012 2346 1168 2437 poetriae
1181 2345 1333 2437 ascripto
1347 2345 1476 2416 certius
1490 2342 1596 2439 quud-

346 2474 425 2548 dam
450 2477 532 2550 inde
557 2478 716 2552 concludi
740 2486 865 2572 potest.
892 2479 1017 2554 Suidas
1043 2480 1134 2553 enim
1159 2480 1181 2551 l.
1208 2481 1230 2551 l.
1257 2487 1395 2572 praeter
1442 2481 1597 2554 carmina

347 2612 469 2684 melica
493 2613 745 2704 epigrammata
769 2631 923 2707 quoque?
940 2621 1044 2707 atque
1081 2614 1208 2706 elegias
1233 2616 1387 2707 poetriae
1427 2615 1594 2706 assignat:

342 2736 530 2852 Ἔγραψε
557 2735 616 2839 de,
640 2748 765 2840 inquit,
794 2747 859 2820 καὶ
884 2743 1209 2861 ἐπιγράμματα
1237 2747 1303 2823 καὶ
1337 2738 1501 2840 ἔλεγεῑα
1528 2747 1595 2822 καὶ

349 2871 532 2978 ἰάμβους
561 2877 628 2955 καὶ
655 2872 864 2980 μονῳδίας
876 2884 964 2977 111).
1004 2883 1095 2957 Sane
1120 2884 1189 2956 tria
1214 2885 1475 2976 epigrammata,
1510 2903 1597 2976 quae

347 3012 384 3083 in
409 3010 621 3103 Anthologia
646 3012 806 3088 Palatina
831 3013 991 3108 Sapphus
1028 3017 1167 3089 nomine
1203 3016 1341 3108 appicto
1373 3017 1597 3109 reperiuntur

351 3121 425 3240 (vr,
452 3150 536 3238 aaa
562 3148 643 3241 vn,
670 3149 754 3240 4893
780 3149 864 3222 rua
893 3155 976 3241 sorr,
1003 3150 1044 3223 n.
1072 3149 1165 3241 apuu
1191 3149 1318 3241 Bergk.
1348 3149 1598 3242 fragg.118-'-
1652 3235 1656 3242 ,

351 3283 449 3375 120),
475 3280 601 3356 Suidae
625 3284 732 3356 verba
758 3283 960 3358 confirmare
997 3285 1140 3376 possint:
1181 3289 1334 3357 attamen
1371 3284 1441 3356 iam
1480 3282 1599 3358 dorica

349 3416 527 3512 dialectus,
554 3438 623 3510 qua
649 3417 868 3510 Sapphonem
904 3419 1045 3492 minime
1083 3439 1180 3492 usam
1219 3439 1294 3490 esse
1318 3418 1520 3492 verisimile·
1533 3426 1597 3511 est,

457 3711 536 3780 *ldl
556 3711 673 3782 hesych.
693 3716 754 3781 212.
775 3714 836 3770 368:
866 3713 988 3796 κυδρός·
1022 3713 1143 3793 ἔνδοξος
1178 3711 1231 3778 καὶ
1269 3713 1311 3778 τά
1332 3708 1435 3798 ὅμοια,
1469 3717 1496 3770 et
1514 3714 1599 3784 dish,

349 3804 434 3872 quil
453 3805 472 3860 l.
492 3819 518 3874 p.
538 3807 572 3862 48
591 3803 703 3859 nomina
721 3803 836 3873 propria
855 3801 976 3874 collegit,
1004 3816 1073 3870 4444
1100 3801 1155 3858 huc
1182 3803 1318 3874 spectant,
1346 3804 1378 3858 ut
1397 3803 1598 3890 Κυδραγόρα,

353 3895 485 3977 doceor.
512 3892 578 3964 elie,

447 3999 597 4069 *1114444
616 4000 769 4070 respuenda
788 3999 945 4057 ostBontlei
963 3999 1015 4058 1114
1035 3998 1200 4071 coniectura,
1220 4015 1302 4067 quam
1320 3999 1398 4056 Vries
1417 4015 1521 4068 quoquo
1540 4003 1558 4057 l.
1579 4002 1598 4058 l.

331 4080 334 4086 ’
350 4107 376 4162 p.
395 4092 431 4149 44
448 4090 586 4163 probavit3
605 4090 776 4148 llhualdium
795 4104 859 4146 vero
880 4090 996 4158 optimos
1015 4089 1121 4145 codices
1141 4090 1201 4145 iure
1221 4092 1345 4144 secutum
1364 4105 1420 4145 esse
1440 4091 1527 4147 video.

431 4180 482 4249 ***)
500 4182 596 4238 'lotum
614 4181 686 4237 illud
706 4181 784 4236 colon
803 4195 835 4235 ex
854 4178 1006 4249 posteriore
1034 4180 1150 4246 quodam
1174 4179 1252 4234 toute
1271 4179 1396 4237 additum
1415 4195 1472 4237 esse
1491 4181 1548 4237 iam
1567 4197 1599 4238 ex

352 4271 446 4327 ordine
461 4270 633 4326 narrationis
660 4271 772 4326 turbato
802 4269 928 4327 concludi
956 4270 1055 4338 potest:
1074 4268 1195 4338 primum
1214 4269 1286 4324 enim
1305 4269 1335 4323 iu
1353 4269 1406 4325 hao
1425 4269 1500 4326 vitae
1519 4272 1599 4340 parta

351 4362 384 4417 de
404 4361 572 4417 carminibus
597 4360 705 4416 melicis
723 4359 828 4415 dictum
848 4361 898 4416 est:
928 4353 1041 4446 ἔγραψε
1078 4357 1117 4422 δι’
1141 4361 1240 4440 μελῶν
1264 4361 1397 4440 λυρικῶν
1420 4356 1533 4446 βιβλία
1556 4357 1599 4446 θ’;

350 4454 410 4506 tum
430 4452 465 4506 iis
484 4448 723 4517 quae'sequuutur
754 4450 787 4505 de
805 4450 912 4518 plectro
941 4465 957 4504 4
986 4449 1130 4518 Sapphone
1157 4449 1269 4504 invento
1298 4448 1430 4520 1·efe1tu1·;
1454 4463 1505 4516 ouo
1524 4448 1599 4504 facto

351 4540 449 4600 Surdas
468 4541 662 4609 verbis'supra
682 4539 778 4596 allatis
798 4539 899 4595 iterum
919 4538 954 4594 ad
973 4538 1067 4608 poesin
1085 4538 1144 4592 eius
1162 4537 1322 4594 revertitur.
1342 4537 1496 4595 Novissima
1515 4539 1600 4595 verba

351 4643 386 4698 ad
405 4640 552 4697 subdititia
571 4639 695 4694 carmina
710 4638 812 4694 referri
831 4638 967 4707 videntur,
987 4651 1056 4702 quae
1075 4637 1125 4690 suh
1145 4620 1398 4706 Sapphus'nomine
1425 4635 1601 4691 circumfere-

352 4732 462 4801 bantur,
485 4728 671 4792 nisi-suidam
690 4729 848 4788 auctoribus
869 4727 989 4787 confusis
1008 4741 1129 4786 emonam
1149 4726 1314 4786 commisisse
1345 4724 1602 4786 verisimilius-sta·

351 4818 447 4881 tueris.
