3804 5786
863 400 1060 470 „51-

334 633 453 699 utrum
478 617 544 699 hoc
569 649 694 700 nomen
720 651 761 701 ex
788 628 870 720 vita,
898 650 943 701 an
970 651 1011 700 ex
1037 628 1122 718 ipsis
1149 628 1362 700 carminibus
1385 627 1429 700 ab
1444 632 1588 718 utroque

331 768 509 852 sumptum
535 763 591 853 sit,
619 764 656 835 in
682 761 786 834 dubio
811 763 1077 854 relinquendum
1103 770 1165 835 est.

429 894 533 986 Apud
572 895 715 968 Suidam
755 917 892 989 quoque
927 897 996 971 duo
1023 897 1145 970 saltem
1171 898 1236 968 loci
1264 898 1499 987 reperiuntur,
1527 896 1587 986 qui

331 1031 399 1102 huc
425 1032 548 1103 referri
573 1035 719 1123 possint.
746 1034 905 1105 Primum
946 1033 1038 1105 enim
1066 1029 1213 1105 Ovidius
1239 1054 1294 1104 vv.
1325 1035 1380 1122 19,
1409 1035 1478 1104 201
1507 1052 1587 1121 poe·

329 1166 435 1238 triam
462 1166 504 1238 de
530 1189 593 1239 sua
614 1169 765 1240 infamia
790 1169 901 1260 ipsam
916 1168 1111 1260 loquentem
1126 1168 1222 1256 facit3
1248 1145 1396 1258 quorum
1421 1186 1586 1238 versuum
1655 1175 1657 1180 '

328 1300 459 1373 fontem
484 1303 637 1392 poetriae
663 1303 817 1374 carmina
845 1324 916 1374 non
941 1301 1047 1372 fuisse
1073 1301 1149 1373 lucc
1175 1299 1303 1372 clarius
1330 1305 1393 1374 est.
1420 1289 1586 1372 Attamen

329 1457 372 1507 ne
399 1405 584 1509 comoediis
623 1437 763 1530 quidem
801 1435 1000 1510 lectitandis
1039 1437 1199 1509 Romano
1238 1441 1360 1526 poetae
1386 1456 1472 1526 opus
1499 1441 1585 1524 erat3

329 1589 410 1641 nam
449 1591 524 1642 eam
562 1593 632 1642 rem
671 1593 691 1642 a
730 1573 822 1645 vitae
866 1572 1036 1662 scriptore
1062 1592 1140 1642 eum
1165 1567 1405 1660 percommode
1431 1572 1583 1643 mutuari

328 1708 485 1794 potuisse
521 1705 620 1777 facile
658 1705 724 1777 tibi
763 1703 999 1796 persuadebis
1039 1706 1069 1776 si
1109 1701 1238 1776 Suidae
1262 1703 1285 1774 l.
1314 1703 1336 1774 l.
1372 1704 1479 1777 verba
1507 1726 1584 1778 cum

330 1836 514 1911 Ovidianis
554 1841 820 1928 comparaveris:
868 1833 1109 1938 ἑταῖραι...
1151 1834 1261 1935 πρός
1301 1829 1348 1925 ἂς
1376 1835 1444 1912 καὶ
1471 1827 1499 1910 d
1509 1858 1525 1910 ι
1542 1861 1583 1911 a·

321 1961 500 2064 βολήν
553 1967 717 2068 ἔσχεν
768 1967 1019 2079 αἰσχρᾶς
1070 1970 1342 2068 actiaco.
1383 1975 1478 2064 Quae
1505 1995 1583 2045 cum

327 2105 397 2176 illis
422 2106 474 2177 ita
498 2113 707 2197 congruunt,
748 2113 787 2179 ut
820 2129 928 2180 unum
953 2106 1085 2178 fontem
1123 2104 1271 2196 prodere
1309 2105 1494 2179 videantur
1510 2107 1581 2200 aa).

327 2237 433 2310 Vitae
471 2246 586 2311 autem
626 2241 735 2331 ipsius
762 2240 978 2330 scriptorem,
1019 2261 1060 2311 ex
1092 2261 1159 2330 quo
1203 2246 1345 2331 uterque
1371 2239 1500 2332 hausit,
1528 2243 1581 2315 vel

326 2396 367 2445 ex
393 2373 523 2447 Atticis
545 2376 730 2448 comoediis
756 2398 795 2448 ea
809 2376 997 2466 sumpsisse
1010 2375 1063 2446 vel
1078 2374 1194 2465 potius
1220 2374 1347 2446 famam
1376 2373 1456 2447 inde
1470 2381 1582 2448 ortam

280 2551 284 2560 -
329 2507 612 2601 divulgatamque
649 2530 712 2600 pro
749 2532 831 2582 vero
869 2512 1044 2600 accepisse
1082 2515 1232 2582 nonest
1259 2507 1352 2600 quod
1378 2510 1581 2599 infitiamur,

324 2663 534 2736 quamquam
576 2642 646 2713 iam
673 2643 749 2731 ipsa
775 2643 928 2733 poetriae
955 2640 1121 2730 carmina,
1161 2659 1250 2731 quae
1275 2632 1440 2710 ‘amorem
1471 2639 1583 2728 spira-

324 2773 432 2866 bant,
475 2775 637 2866 antiquos
676 2775 727 2847 ita
765 2774 975 2865 afficiebant,
1023 2778 1063 2845 ut
1102 2775 1177 2863 ipse
1216 2770 1386 2843 Horatius
1413 2770 1525 2860 Epist.
1540 2770 1580 2866 l,

331 2912 386 3000 19,
428 2913 473 2980 28
501 2906 723 2999 Sapphonem
748 2907 1037 2999 masculam,
1063 2905 1211 2979 Ovidius
1239 2911 1355 2977 autem
1388 2905 1490 2976 Asa.
1518 2903 1581 2995 ΙΙΙ,

326 3065 359 3115 v.
388 3043 456 3113 331
484 3041 907 3114 lascivissimam
934 3039 1160 3131 appellaverit
1179 3039 1275 3128 aaa).

253 3151 258 3162 ⁵
426 3177 526 3249 Alter
549 3177 657 3268 locus²
697 3197 799 3268 quem
826 3196 866 3246 ex
891 3175 968 3247 vita
1007 3174 1226 3264 desumptum
1254 3193 1328 3244 esse
1352 3179 1449 3264 puto,
1473 3194 1505 3244 v.
1536 3178 1579 3244 29

326 3319 449 3404 exstat,
476 3313 537 3386 ubi
566 3311 760 3384 deAlcaeo
788 3311 872 3382 haec
899 3308 1111 3382 dictasunt:
1163 3405 1166 3414 .
1254 3313 1255 3321 ’
1482 3297 1485 3302 “
1550 3297 1554 3302 ’

533 3448 770 3541 Alcaeus,
798 3470 938 3521 consors
964 3449 1168 3540 patriaeque
1192 3446 1365 3541 lyraeque.

326 3584 541 3675 Quibuscum
567 3582 953 3658 confchuidaeverba:
985 3591 1205 3691 γεγονυῖα,
1232 3572 1258 3652 ὅ
1272 3605 1331 3656 τε
1361 3584 1451 3657 καὶ
1479 3573 1580 3656 Ἀλ-

327 3726 420 3792 καῑ
434 3741 491 3804 ος
531 3711 596 3806 ἦν.
641 3717 740 3790 Nihil
767 3720 860 3792 enim
887 3719 1025 3810 mirum,
1053 3720 1145 3791 siin
1174 3719 1329 3810 poetriae
1361 3720 1434 3791 vita
1460 3719 1579 3791 Alcaei
1676 3743 1680 3748 ·

325 3874 470 3945 quoque,
497 3855 572 3925 eius
598 3859 633 3925 et
658 3853 836 3944 popularis
863 3859 897 3925 et
922 3852 1087 3946 aequalis,
1113 3854 1243 3925 mentio
1263 3852 1356 3924 facta
1369 3860 1432 3924 est:
1448 3859 1580 3924 veteres

324 3989 428 4080 enim,
454 3986 546 4082 quod
572 3991 643 4060 iam
670 3989 808 4080 saepius
834 3987 1116 4072 animadversum
1150 3993 1214 4077 est,
1241 3985 1335 4060 haud
1361 4008 1441 4060 raro
1468 3988 1579 4060 homi-

432 4381 533 4449 '‘lbirt
551 4385 570 4439 l.
590 4384 609 4438 l.
629 4398 655 4452 p.
670 4383 721 4439 431
750 4382 781 4436 in
799 4381 906 4438 Gallim.
935 4381 970 4437 fr.
991 4383 1043 4438 235
1062 4378 1176 4463 κηκάθι
1198 4383 1255 4444 σύν
1281 4383 1403 4465 γλώσσῃ
1427 4382 1579 4439 latinorum

324 4487 453 4530 versuum
471 4471 558 4527 fontis
577 4471 746 4541 particulam
765 4470 900 4526 detexisse
919 4471 974 4526 sibi
993 4471 1068 4527 visua
1088 4472 1137 4525 ost.

420 4559 456 4626 ”l
474 4560 513 4617 tl.
533 4560 610 4616 infra
629 4575 655 4629 p.
678 4564 725 4616 111
747 4574 784 4627 aq.

403 4650 456 4718 ***)
473 4650 565 4708 Simili
582 4649 661 4705 modo
680 4649 791 4706 bridius
810 4650 991 4705 Anacreontis
1017 4661 1122 4717 quoque
1151 4649 1321 4706 carminibus
1351 4650 1487 4706 lectitatis
1507 4665 1578 4706 com·

323 4743 412 4797 motus
431 4755 488 4796 essa
507 4739 626 4810 videtur,
646 4741 678 4794 ut
697 4741 791 4795 l'oium
810 4741 920 4808 poetam
939 4739 1117 4796 vinosum
1145 4753 1274 4795 sonam
1293 4739 1444 4812 vocaverit,
1463 4755 1489 4798 v.
1508 4740 1575 4796 ibid.

325 4845 350 4887 v.
370 4831 430 4888 3³0.

1379 4936 1427 5008 4*
