3804 5786
813 443 1010 518 ..75-

284 690 364 742 raro
392 669 737 777 danaopcorcaoic
764 678 966 751 animalium
992 679 1133 774 nomina
1159 680 1284 753 amatis
1323 674 1435 752 indita
1461 699 1536 752 esse

284 803 393 878 multa
419 807 575 898 exempla
600 814 785 904 testantur,
814 821 852 885 ut
877 810 1018 906 Aa'uoq7
1045 801 1132 907 puer
1158 815 1202 888 ab
1228 815 1356 889 Alcaeo
1387 821 1534 907 amatus,

285 938 338 1010 vel
364 936 525 1040 Φρύνη,
565 943 655 1036 quod
697 947 868 1037 bufonem,
908 947 960 1020 vel
1002 945 1191 1021 Λεόντιον
1208 949 1255 1042 1),
1293 948 1385 1042 quod
1426 947 1535 1021 leonis

285 1074 435 1148 catulum
462 1076 635 1167 significat
648 1080 715 1172 11).
755 1079 877 1172 ltaque
915 1081 1054 1173 Sappho
1092 1103 1226 1175 quoque
1264 1089 1415 1154 amatum
1450 1102 1536 1154 ase

285 1215 694 1306 iuvenamproptereius
720 1217 1271 1314 pulchrItudInem***)
1300 1217 1535 1309 superbi-

284 1369 456 1441 amque
492 1371 661 1440 pavonem
699 1351 891 1442 appellasse
928 1323 1078 1444 uidetur,
1117 1352 1207 1445 quod
1245 1373 1370 1426 nomen
1408 1349 1535 1424 Graeci

283 1487 457 1573 tamquam
483 1483 728 1574 appellativum
742 1484 785 1557 de
799 1485 872 1556 eius
886 1485 977 1557 modi
993 1485 1190 1558 hominibus
1204 1492 1292 1558 testo
1306 1484 1413 1560 Suida
1429 1484 1533 1577 aeae)
1638 1479 1640 1488 ’

284 1618 508 1709 usurpabant.
538 1619 633 1709 Quae
658 1619 688 1689 si
714 1624 809 1690 recte
835 1616 1100 1710 disputavimus,
1126 1617 1361 1711 fundamento,
1406 1616 1443 1690 in
1469 1640 1535 1711 quo
1644 1645 1651 1667 ¹

283 1751 486 1823 Kockianae
523 1753 834 1841 argumentationis
881 1752 984 1832 cardo
1022 1754 1184 1845 uertitur,
1224 1753 1420 1826 substracto
1459 1753 1536 1844 ipsa

284 1886 357 1956 eius
384 1885 606 1957 ratiocinatio
633 1885 793 1959 concidat
818 1907 960 1961 necesse
985 1892 1047 1959 est.

380 2019 569 2111 Quaeritur
594 2026 720 2112 autem,
747 2042 830 2092 num
855 2021 924 2092 iam
951 2019 1113 2112 Sapphus
1138 2021 1351 2112 temporibus
1366 2020 1427 2092 illa
1440 2013 1533 2093 ‘rara

282 2152 370 2226 avis'
396 2152 539 2226 Graecis
578 2161 662 2226 nota
699 2155 815 2226 fuerit.
861 2154 960 2247 Quod
998 2175 1205 2247 quamquam
1243 2156 1347 2227 certis
1378 2160 1536 2226 veterum

282 2288 489 2361 testimoniis
515 2288 665 2362 stabiliri
690 2311 760 2361 non
785 2294 909 2379 potest,
936 2296 1053 2360 tamen
1078 2310 1099 2361 a
1124 2287 1442 2360 verisimilitudmis
1457 2308 1533 2378 spe-

610 2489 762 2499 -—-——

284 2607 411 2678 incipiat.
434 2606 517 2672 Quam
536 2603 777 2660 ratiocinationem
806 2603 918 2658 missam
942 2602 1031 2658 facias
1049 2616 1156 2657 necessa
1177 2601 1240 2673 erit,
1268 2601 1292 2656 si
1311 2599 1536 2670 reputaveris-in

284 2696 449 2756 Aeolica
468 2693 586 2750 dialecto
615 2707 743 2762 graecam
771 2693 909 2748 dentalem
936 2691 1011 2746 haud
1038 2705 1102 2746 raro
1121 2690 1222 2746 labiali
1247 2688 1418 2746 commutari.
1438 2690 1534 2754 Itaque

282 2789 329 2845 hio
347 2801 450 2854 quoqne
470 2785 545 2840 inter
564 2783 703 2840 Aeolicam
726 2783 876 2839 dialectum
895 2785 923 2838 et
942 2782 1067 2850 linguam
1085 2780 1213 2853 latinam,
1232 2794 1314 2847 quam
1333 2781 1457 2837 veterum
1476 2779 1536 2846 qui·

284 2879 347 2936 dam
365 2877 506 2943 tamquam
525 2874 617 2931 fllium
637 2874 763 2930 Aeolicae
783 2872 897 2929 dialecti
915 2886 973 2927 essa
989 2870 1211 2942 suspicabantm·‚
1231 2869 1383 2926 similitudo
1402 2868 1535 2936 quaedam

282 2951 452 3025 intercedere
481 2965 599 3021 videtur.
628 2964 765 3022 lliusmodi
803 2979 866 3022 vero
895 2962 1103 3019 consonantium
1131 2961 1314 3017 mutationem
1340 2973 1535 3026 nonnunquam

280 3056 401 3128 reperiri
419 3055 518 3110 docent
536 3069 559 3110 e.
578 3069 604 3123 g.
625 3055 717 3110 verba:
735 3055 864 3129 populus,
881 3052 996 3123 pappel,
1015 3065 1141 3108 morrona.

388 3144 410 3215 *l
428 3145 483 3200 lloc
502 3156 600 3198 nomen
617 3142 731 3211 llpicuri
748 3143 858 3198 amatae
877 3141 961 3196 fuisse
986 3141 1109 3195 testatur
1136 3140 1191 3198 (lic.
1211 3139 1244 3196 de
1263 3141 1321 3196 nat.
1350 3139 1423 3195 door.
1448 3141 1471 3207 Ι,
1490 3140 1533 3210 33,

282 3238 324 3307 93,
344 3231 577 3291 Hermesianactis
596 3231 693 3288 Athen.
713 3233 786 3302 llIII,
805 3233 856 3290 597
875 3234 906 3302 Δ,
926 3231 985 3288 alii.
1486 3277 1488 3284 .

374 3323 411 3391 *')
429 3322 468 3379 Of.
487 3321 662 3390 Aristophun.
682 3322 754 3378 Plut.
784 3336 809 3378 v.
831 3324 907 3392 11111,
935 3321 984 3377 uhi
1003 3323 1098 3378 vetula
1126 3322 1161 3377 ab
1181 3321 1284 3377 amasio
1313 3336 1342 3377 se
1362 3319 1534 3376 anaticulam

281 3417 309 3470 et
328 3414 512 3470 columbnlam
531 3411 704 3484 appellatam
723 3425 781 3466 esse
802 3412 909 3468 narrat:

600 3495 765 3584 νηττάριον
788 3493 899 3565 ἄνκαὶ
922 3499 1056 3586 φάττιον
1081 3498 1295 3592 ὑμεκορίζετο.

361 3609 412 3675 ““·)
429 3610 565 3666 Pavonem
584 3608 692 3674 antiqui
704 3608 930 3677 ¹pulchcrrImum
950 3624 1007 3665 esso
1027 3609 1147 3666 omnium
1167 3610 1260 3667 avium
1269 3622 1431 3678 persuasum
1449 3608 1534 3663 haha-

280 3702 357 3770 bant‚
376 3698 447 3766 quod
465 3698 551 3754 Varro
571 3697 604 3753 da
622 3711 653 3752 re
671 3699 740 3754 unat.
760 3699 810 3768 ΙΙΙ,
831 3699 855 3768 t,
876 3703 890 3757 2
910 3699 954 3754 his
973 3700 1066 3756 verbis
1085 3701 1216 3756 testatur:
1242 3699 1312 3755 Huic
1339 3697 1412 3754 enim
1430 3698 1532 3753 natura

280 3791 384 3847 formae
404 3804 417 3845 e
436 3788 595 3846 volucribus
614 3787 690 3844 dedit
707 3790 830 3857 palmam
848 3789 893 3856 (oi.
915 3789 1000 3846 Hehn.
1020 3791 1039 3847 1.
1059 3792 1078 3847 l.
1094 3806 1121 3860 p.
1141 3791 1210 3863 286).

340 3877 405 3946 1”*)
424 3879 449 3935 S.
470 3893 494 3934 v.
515 3877 618 3940 Φάων·
641 3875 870 3960 φαοίνὲπίτῶν
894 3874 1119 3962 §paupino
1142 3877 1195 3943 καί
1219 3877 1531 3962 ὑπερηφάνων.

281 3967 407 4037 sapphus
435 3966 528 4022 Phaon
559 3966 643 4022 etiam
662 3981 679 4021 a
697 3968 845 4023 Menandro
864 3972 899 4035 (v.
930 3969 1056 4026 Straton.
1075 3971 1106 4040 ll,
1124 3969 1186 4036 452)
1227 3966 1533 4048 ὕπέρκομπος

281 4058 439 4126 appellatus
459 4056 674 4113 est—(letarum
694 4057 812 4113 Phaonis
831 4059 1020 4129 nomenapud
1040 4059 1156 4115 Graecos
1189 4071 1244 4113 non
1262 4057 1427 4112 inusitatum
1445 4055 1531 4110 fuisse

279 4146 452 4203 haolensium
470 4145 664 4215 inscriptiones
683 4148 889 4214 perscrutantes
908 4147 1012 4204 discere
1032 4162 1183 4219 possumus
1202 4160 1270 4212 quas
1289 4146 1313 4201 si
1325 4145 1401 4201 Koch
1420 4144 1529 4214 adiiset,

279 4235 351 4292 illud
369 4250 468 4291 nomen
495 4249 551 4290 non
577 4235 741 4306 mythicum,
770 4235 931 4292 aeduorum
961 4251 1018 4292 essa
1047 4236 1131 4293 facila
1159 4236 1254 4293 videre
1273 4235 1373 4304 potuit.
1398 4236 1444 4291 Ita
1463 4248 1485 4290 e.
1504 4247 1530 4301 g.

280 4325 400 4396 primum
423 4324 452 4380 in
471 4325 531 4381 vico
550 4325 695 4380 Xeronomi
713 4324 761 4390 qui
780 4327 895 4381 vocatur
913 4327 943 4381 in
962 4326 1072 4381 Boeotia
1092 4326 1166 4382 haud
1185 4327 1281 4395 procul
1302 4323 1459 4393 alheapiis
1477 4322 1530 4376 sito

282 4413 452 4473 Stomatahis
472 4416 627 4470 columnam
645 4413 762 4485 inuenit,
781 4415 830 4470 ubi
849 4415 924 4470 inter
943 4417 1036 4472 cetera
1056 4415 1161 4472 aeolica
1180 4415 1291 4470 nomina
1310 4413 1400 4478 Φάων
1425 4424 1530 4478 quoquc

281 4505 393 4576 legitur3
412 4519 437 4561 v.
455 4504 561 4561 tullia.
580 4505 740 4572 Sammlung
768 4505 818 4560 der
845 4505 947 4573 ngech.
976 4504 1270 4562 Dialehtinschriften
1298 4504 1358 4560 hl
1386 4517 1412 4572 p.
1431 4503 1482 4559 401
1503 4515 1529 4558 n.

281 4595 361 4666 791d3
379 4608 460 4664 porro
480 4595 582 4650 ibidem
600 4609 627 4650 n.
648 4594 715 4651 illle
739 4595 928 4678 Καλλιφάων
948 4598 1047 4666 exstat,
1057 4595 1129 4662 quod
1143 4595 1217 4650 idem
1227 4596 1308 4660 atque
1328 4591 1426 4668 καλός
1437 4591 1529 4655 Φάων

282 4687 373 4740 valere
394 4685 511 4742 videtur.
541 4685 616 4754 hpud
644 4687 778 4740 Romanos
806 4700 911 4752 quoque
940 4685 1056 4741 Pavonis
1084 4688 1113 4740 ot
1142 4684 1209 4741 Puri
1236 4699 1335 4738 nornen
1368 4681 1530 4749 reperimus,

280 4778 312 4831 ut
332 4774 404 4844 apud
423 4776 573 4831 Varronem
593 4774 634 4843 (de
654 4790 684 4831 ro
702 4777 770 4833 rust.
790 4777 840 4846 111,
863 4780 888 4847 2,
908 4779 933 4834 2:
951 4776 1099 4832 Fircellius
1127 4777 1209 4842 Pauo)
1237 4777 1265 4830 et
1293 4773 1366 4842 apud
1393 4772 1530 4836 Lucilium

283 4863 351 4931 (Sat.
370 4864 436 4930 XIV?
455 4860 564 4934 Pubhu’
583 4861 665 4921 Pavo’
681 4864 850 4936 tuditanus).
872 4864 911 4921 cf.
931 4865 1017 4921 llahn.
1038 4867 1057 4921 l.
1077 4868 1096 4921 l.
1116 4879 1142 4935 p.
1164 4865 1223 4938 291,
1314 4855 1319 4862 ’
