3804 5786
769 402 989 504 .—do'...-

359 654 468 728 Porro
494 674 539 757 ne
564 652 600 725 id
627 652 764 745 quidem
791 676 853 728 nos
879 656 972 745 fugit
996 676 1067 730 non
1092 658 1220 748 omnia,
1247 677 1336 748 quae
1372 647 1515 732 investi-

263 790 438 880 gavinus,
447 787 492 860 ad
506 789 675 861 amussim
689 810 762 862 esse
777 789 964 880 elaborata,
979 789 1071 884 quod
1085 791 1121 864 in
1136 799 1206 864 tam
1220 791 1355 864 lubrica
1369 791 1517 864 materia

262 928 320 998 vix
345 925 447 999 aliter
472 923 549 999 fieri
571 932 694 1015 potest.
722 926 890 999 Attamen
928 911 1156 1000 mihilominus
1194 948 1259 1001 nos
1296 929 1440 1018 propius
1472 925 1516 1001 ad

262 1083 381 1134 verum
408 1061 594 1172 accessisse
619 1083 736 1133 omnes
764 1083 986 1134 concessuros
1000 1083 1190 1155 speramus,
1216 1086 1362 1156 quorum
1383 1067 1515 1134 mentes

262 1195 509 1288 praeiudicatis
535 1196 756 1285 opinionibus
782 1217 851 1267 non
877 1196 1031 1270 imbutae
1068 1204 1160 1270 sunt.
1187 1198 1362 1290 Imprimis
1400 1205 1515 1270 autem

262 1336 418 1403 nostram
444 1330 764 1414 commentationem
791 1351 831 1401 eo
857 1352 960 1422 quam
986 1331 1135 1403 maxime
1169 1302 1403 1405 commendari
1442 1331 1515 1423 opi-

262 1449 398 1554 namur,
424 1462 514 1555 quod
541 1464 571 1535 si
597 1463 778 1536 nobiscum
803 1464 921 1556 facies,
961 1465 1087 1537 multas
1115 1463 1348 1557 difficultates,
1388 1464 1516 1557 quibus

262 1600 498 1672 recentiorum
524 1598 566 1669 de
591 1597 755 1690 Sapphus
782 1599 854 1671 vita
880 1601 1102 1673 narrationes
1133 1601 1292 1673 laborare
1318 1599 1440 1691 solent,
1466 1601 1518 1672 fa-

262 1733 326 1805 cile
351 1739 387 1806 te
412 1733 541 1805 evitare
566 1753 669 1823 posse
693 1754 895 1823 persuasum
914 1734 1095 1807 habemus.
1123 1735 1215 1806 Nam
1234 1735 1412 1807 hominum
1425 1735 1516 1808 litte-

261 1874 417 1941 ratorum
443 1868 623 1957 opiniones
667 1868 704 1939 in
731 1869 880 1958 singulis
918 1870 968 1942 ita
995 1875 1216 1960 comparatae
1242 1875 1335 1958 sunt,
1380 1875 1516 1941 utnon

262 1999 371 2074 solum
398 2002 490 2072 intur
515 2021 551 2072 se
579 1999 788 2091 discrepent,
815 1999 875 2072 sed
901 2001 1005 2073 etiarn
1031 2023 1281 2094 nonnunquam
1307 1999 1397 2074 idem
1412 2001 1514 2073 homo

262 2134 383 2207 doctus
408 2135 481 2206 fere
507 2132 625 2207 eodem
650 2140 804 2225 tempore
829 2132 915 2206 duas
942 2133 1010 2206 sibi
1031 2135 1225 2207 contrarias
1239 2136 1420 2227 opiniones
1434 2155 1516 2226 pro-

262 2245 353 2343 t‘erre
378 2291 448 2342 non
473 2275 647 2358 versatum
674 2275 714 2341 ut
727 2268 847 2360 Flach,
875 2270 945 2360 qni,
968 2275 1008 2341 ut
1021 2290 1174 2360 suprsp.
1192 2269 1278 2360 fissa)
1292 2266 1455 2360 vidimus,
1471 2265 1515 2340 ad

263 2401 392 2476 Chron.
408 2403 486 2475 Par.
515 2427 545 2475 v.
564 2407 606 2474 51
624 2404 759 2477 Phaoni
786 2401 907 2474 ‘ullum
932 2400 1026 2494 apud
1040 2403 1254 2494 antiquiores
1272 2401 1385 2475 locum
1398 2400 1516 2473 fuisse*

263 2558 395 2628 negans
421 2537 502 2609 libri
528 2536 571 2609 de
596 2536 808 2610 Graecorum
845 2537 939 2627 poesi
977 2536 1087 2628 lyrica
1112 2535 1230 2608 eodem
1267 2557 1358 2608 anno
1388 2536 1513 2627 (1884)

265 2670 350 2745 editi
375 2694 409 2763 p.
437 2677 506 2744 491
536 2693 617 2744 ann.
648 2675 664 2742 1
695 2671 780 2744 haec
803 2677 929 2743 censet:
974 2669 1039 2759 ,So
1064 2671 1111 2742 ist
1135 2670 1217 2742 kein
1242 2670 1394 2761 Zweifel,
1434 2669 1514 2741 dass

154 2833 157 2836 ·
263 2806 325 2880 der
350 2808 462 2881 Name
487 2808 610 2880 Phaon
636 2807 674 2879 in
701 2807 767 2879 den
794 2805 989 2883 Gedichten
1015 2806 1151 2896 gelesen
1178 2804 1306 2879 wurde.
1333 2806 1388 2879 Zu
1401 2805 1516 2878 sicher

263 2947 343 3034 sagt
367 2943 439 3014 also
464 2941 587 3013 Lehrs:
620 2905 773 3029 ,In'den
800 2938 952 3014 Liedern
978 2938 1040 3011 der
1066 2939 1208 3030 Sappho
1233 2939 1370 3011 scheint
1394 2938 1515 3011 Phaon

262 3095 327 3167 gar
352 3077 453 3149 nicht
489 3076 756 3165 vorgehommen
794 3097 838 3146 zu
876 3076 987 3147 sein“.
1026 3073 1194 3146 Denselbe
1231 3074 1400 3147 Vorwurf
1427 3073 1516 3147 trifft

264 3209 304 3284 0.
332 3211 496 3283 Muller“.
524 3211 617 3302 Quin
642 3210 748 3281 etiam
775 3208 836 3281 ubi
856 3207 984 3280 diserte
1009 3209 1181 3299 scriptum
1205 3209 1335 3299 legitur
1353 3207 1429 3282 ΦΛ
1442 3207 1523 3280 ΩΝ

239 3319 448 3436 ῚΚΑΑΟΣ,
473 3366 543 3417 non
568 3344 758 3433 Phaonem,
798 3341 858 3414 sed
883 3341 1089 3436 Dionysum,
1130 3349 1169 3415 ut
1199 3341 1369 3434 Stephani
1385 3342 1434 3434 *),
1459 3340 1514 3414 vel

262 3477 369 3570 Pana,
396 3483 436 3550 ut
460 3463 710 3570 Welcherll),
738 3475 893 3566 intellegi
913 3475 1044 3548 iubent.
1073 3474 1202 3548 Credat
1216 3473 1366 3548 Iudaeus
1382 3473 1514 3565 Apella!

261 3864 431 3923 methodisch
450 3863 488 3917 ist
507 3877 543 3933 es,
563 3861 621 3918 eine
642 3859 793 3917 Naehrioht
812 3861 896 3916 sehon
915 3860 1029 3916 deshalh
1049 3860 1097 3916 f'dr
1115 3859 1206 3917 falsch
1223 3861 1372 3931 nuhalten,
1392 3860 1456 3918 weil
1474 3860 1513 3916 sie

262 3958 403 4026 diogenes,
423 3953 566 4012 Suidas
585 3968 611 4008 u.
631 3967 656 4007 a.
675 3966 710 4006 m.
729 3950 908 4021 iiherliefern,
937 3950 1001 4005 oder
1020 3951 1088 4005 eben
1107 3949 1207 4017 gerulo
1227 3950 1341 4007 deshalh
1360 3950 1408 4006 frit·
1426 3951 1513 4022 naht,

262 4046 326 4103 weil
345 4045 384 4102 sio
405 4045 449 4101 bei
466 4044 574 4113 Platon,
600 4041 763 4097 Aristotcles
791 4054 817 4095 n.
837 4054 862 4095 a.
882 4054 917 4096 m.
938 4038 1020 4095 steht.
1050 4041 1127 4096 huah
1153 4041 1253 4096 Platon
1276 4039 1333 4095 und
1350 4041 1514 4097 Aristoteles

262 4138 371 4195 hdnnen
389 4137 474 4205 irren,
493 4133 651 4189 ehensouie
671 4131 732 4187 die
753 4132 949 4200 sputeren
968 4134 1059 4199 gnte
1080 4133 1249 4199 duellen
1268 4134 1433 4190 henutnt
1450 4134 1510 4190 ha·

263 4229 333 4283 hen
351 4228 509 4282 konnen.
529 4222 577 4278 Ich
596 4222 697 4290 glauhe
717 4221 811 4292 daher,
830 4221 893 4276 dass
902 4221 1000 4277 keiner
1019 4207 1230 4290 llberlieferung
1246 4222 1514 4291 medlauowurnig-

262 4316 321 4372 keit
349 4312 552 4383 ahgesprochen
580 4312 688 4367 werden
717 4309 789 4382 darf,
817 4324 881 4378 mag
899 4311 938 4366 sio
958 4313 1101 4382 stammen,
1130 4326 1184 4368 von
1202 4325 1270 4368 wem
1289 4312 1328 4368 sie
1347 4312 1416 4383 will,
1435 4326 1513 4367 wenn

261 4419 326 4461 man
344 4403 423 4460 nicht
441 4402 569 4458 heveisen
588 4400 672 4470 kann,
692 4400 755 4456 dass
773 4400 893 4456 dissolbe
917 4401 988 4456 nach
1008 4401 1057 4457 der
1075 4415 1180 4470 gaunon
1198 4404 1270 4470 hage
1290 4401 1338 4457 der
1356 4403 1444 4470 Pinge
1462 4417 1514 4458 un·

245 4489 382 4564 ‘moglich
400 4495 462 4550 ist».

369 4585 392 4652 *)
409 4583 474 4640 Vide
494 4584 552 4639 eins
570 4585 692 4651 Parerga
710 4581 919 4650 archaeologioa
937 4581 967 4636 in
985 4581 1361 4653 Bulletinhistorico-philol.
1372 4582 1513 4640 del'ncad.

263 4679 296 4735 de
315 4678 353 4734 st.
373 4673 562 4744 Petersoourg,
581 4674 640 4743 llll,
660 4673 712 4729 268
732 4685 780 4742 sq,
799 4685 862 4728 ann.
883 4672 926 4728 39.
1013 4697 1020 4712 ·

356 4764 393 4833 *’)
411 4763 450 4821 df.
470 4762 645 4819 (litterlehre
664 4764 686 4831 1,
705 4777 731 4831 p.
750 4762 803 4819 453
824 4775 880 4828 sqq.
