3804 5786
772 473 774 486 .
890 417 1088 519 ..34-

362 645 493 732 Ultima
519 661 626 734 verba
652 658 807 734 homines
844 660 991 732 litterati
1028 680 1138 751 usque
1176 663 1220 732 ad
1245 658 1420 731 Welclreri
1459 666 1613 750 tempora

362 793 617 883 simplicissima
642 762 747 885 atque
771 796 901 884 optima
927 796 1063 866 ratione
1076 795 1398 885 interpretabantur
1412 795 1466 865 his
1484 795 1611 867 verbis:

360 925 529 999 Maritum
555 927 679 1000 habuit
705 926 894 1018 Cercolcm,
934 928 1048 1000 virum
1086 926 1307 1019 ditissimum,
1340 951 1393 1000 ex
1431 927 1610 1020 Andro,

362 1049 492 1152 (insula
516 1061 622 1133 maris
647 1061 768 1152 Aegei,
796 1084 866 1134 una
881 1059 1097 1154 Cycladum),
1124 1063 1274 1133 oriun
1288 1060 1393 1133 dum
1407 1063 1452 1154 *).
1479 1063 1612 1135 Recen-

361 1195 467 1268 tiores
492 1215 575 1266 vero
601 1193 683 1266 inde
708 1217 729 1267 a
754 1194 937 1267 Welclrero
963 1216 1072 1286 usque
1097 1193 1141 1267 ad
1167 1193 1413 1298 Whartonium
1439 1196 1504 1267 hoc
1529 1218 1612 1288 quo-

360 1348 427 1420 que
454 1327 619 1401 Cercolae
642 1330 779 1418 patriae
817 1349 941 1401 nomen
979 1326 1165 1401 acomicis
1203 1327 1323 1401 fictum
1349 1350 1434 1421 esse,
1474 1351 1540 1422 quo
1566 1330 1610 1403 ad

359 1461 435 1534 eius
461 1461 662 1539 virilitalem
691 1452 889 1558 (decipias)
926 1458 1150 1552 alluderetur,
1178 1463 1244 1533 sibi
1270 1471 1529 1552 persuaserunt.
1557 1463 1612 1536 Ito

357 1597 467 1688 Neue,
494 1599 554 1689 qui
580 1598 646 1671 hoc
672 1594 770 1670 modo
796 1606 1072 1685 argumentatur:
1116 1597 1259 1689 „Neque
1304 1599 1611 1692 enim—inquit·-

357 1729 640 1821 illasignidoare
663 1737 818 1821 possunt,
846 1730 931 1821 qui
968 1751 1022 1802 ex
1060 1729 1230 1803 Andro
1268 1733 1608 1825 immigravit,

357 1889 422 1942 nec
446 1868 585 1941 omnino
610 1873 743 1939 veteres
770 1868 927 1940 solebant
952 1869 1020 1939 nisi
1046 1869 1262 1958 gravissimis
1289 1868 1332 1940 de
1358 1871 1472 1942 causis
1499 1870 1610 1946 solum

355 2011 503 2094 vertere,
530 2010 565 2078 et
589 2004 707 2094 inepte
732 2002 826 2076 dicta
852 2009 978 2093 essent,
1007 2004 1036 2074 si
1063 2004 1128 2076 hoc
1148 2004 1297 2095 scriptor
1310 2004 1424 2095 vellet,
1450 2006 1610 2096 quiin

355 2138 532 2213 insula
558 2137 727 2210 Andro
753 2136 1227 2211 scdeiortunarum
1264 2145 1609 2214 statutamer-

357 2258 586 2347 caturam
624 2272 927 2361 factitabat,
967 2270 1138 2343 Andro
1176 2273 1326 2364 quasi
1365 2271 1608 2368 donara-

355 2408 461 2514 ρίῳ
499 2407 709 2500 quodam
747 2407 1007 2499 utebatur:
1047 2407 1169 2481 saltem
1207 2428 1349 2480 necesse
1380 2409 1430 2482 ita
1457 2415 1542 2499 erat,
1571 2414 1610 2500 ut

356 2542 496 2634 Sappho
520 2542 635 2631 patria
675 2539 865 2632 excederet,
905 2562 973 2631 qua
999 2537 1042 2612 de
1066 2562 1105 2613 re
1130 2540 1219 2613 nihil
1242 2541 1390 2613 relatum
1403 2542 1606 2632 reperimus.

354 2676 462 2750 Immo
487 2675 582 2750 velut
607 2681 825 2768 praesentem
839 2695 879 2746 ea
892 2673 1081 2747 ostendunt
1107 2675 1211 2747 horn
1224 2675 1236 2746 i
1250 2697 1274 2746 n
1288 2696 1307 2747 e
1320 2698 1354 2748 m
1380 2677 1608 2750 cummaxime

354 2809 524 2882 Andro
562 2809 841 2898 advectum,
879 2808 1049 2899 planeque
1086 2809 1125 2879 in
1151 2830 1230 2881 curn
1257 2811 1477 2902 conveniunt,
1504 2833 1605 2904 quem

354 2943 536 3018 inductum
560 2943 598 3016 in
624 2964 763 3016 scenam
788 2943 1016 3032 suspicamur.
1057 2941 1148 3014 Huic
1173 2943 1392 3031 potissimum
1430 2944 1485 3016 ob
1510 2945 1608 3018 vir-

354 3084 514 3152 tutem
539 3098 627 3168 pro
639 3098 662 3166 p
675 3098 695 3147 r
708 3076 720 3147 i
733 3097 754 3148 a
767 3099 801 3147 m
827 3076 947 3166 nupsit
960 3073 1110 3166 Sappho,
1137 3095 1260 3165 nempe
1275 3076 1312 3147 in
1327 3075 1521 3154 comoedia“
1537 3078 1605 3170 ii).

356 3210 399 3285 ln
425 3233 495 3302 qua
519 3209 786 3288 ratiocinatione
824 3231 932 3284 unum
957 3228 1109 3282 errorem
1134 3215 1311 3300 tamquam
1331 3211 1478 3284 -fontem
1504 3218 1608 3303 atque

311 3380 316 3388 ·
354 3347 526 3436 originem
550 3343 697 3416 oliorum
723 3364 879 3416 errorum
905 3363 980 3414 esse
1005 3341 1173 3422 videmus:
1201 3344 1256 3414 cui
1282 3343 1437 3416 enimin
1456 3352 1607 3430 mentem

352 3482 516 3572 venisset,
543 3485 584 3552 nt
608 3479 646 3552 in
672 3477 732 3550 illa
757 3477 1013 3568 simplicissima
1038 3476 1211 3562 locutione
1249 3475 1491 3580 ὁρμωμένῳ
1518 3472 1606 3556 α’πό

345 3591 535 3719 Ἀνδρου
573 3614 756 3686 obscenam
793 3611 988 3683 illusionem
1031 3611 1197 3685 latentem
1247 3612 1487 3705 investigaret,
1538 3618 1607 3691 nisi
1719 3589 1722 3598 ⁴

352 3752 468 3844 ipsum
493 3747 657 3822 Cercolae
681 3765 807 3818 nomen
833 3750 905 3816 tam
930 3765 1093 3835 peruerse
1117 3750 1297 3837 acceptum
1329 3747 1607 3844 explicatumqne

354 3882 461 3958 esset?

351 4136 792 4154 ——nuffl

367 4365 374 4374 ,
458 4301 482 4370 *)
498 4300 565 4358 Vide
584 4299 607 4356 l.
627 4298 689 4356 (ihr.
709 4297 800 4354 Wolfii
819 4298 837 4352 l.
857 4298 876 4353 l.
897 4312 923 4366 p.
943 4295 1150 4354 Vli.-Locutio
1171 4298 1263 4354 autem
1282 4296 1445 4381 ὁρμᾶσθαι
1465 4299 1499 4368 ἔκ
1523 4319 1605 4386 1va

350 4391 458 4450 oriendi
477 4389 534 4447 vim
551 4389 656 4444 habens
675 4387 780 4456 legitur
808 4401 829 4444 e.
849 4399 875 4454 g.
904 4385 978 4456 apud
1005 4387 1149 4442 Platonem
1167 4387 1249 4454 legg.
1275 4401 1300 4454 p.
1322 4388 1372 4446 682
1392 4387 1420 4450 B:
1440 4389 1604 4474 ποταμούς

349 4481 468 4552 ἄνωθεν
491 4474 524 4543 ἐκ
547 4483 605 4561 τῆς
622 4475 713 4558 Ἴδης
736 4479 938 4560 ὡρμημένους.

444 4587 482 4656 **)
499 4589 529 4644 V.
549 4589 568 4643 l.
588 4588 607 4643 l.
626 4601 653 4654 p.
674 4587 697 4656 3,
718 4587 780 4642 coll.
809 4585 950 4641 Wharton.
979 4586 998 4641 l.
1018 4586 1037 4642 l.
1057 4599 1083 4654 p.
1104 4587 1129 4642 7:
1146 4586 1217 4642 «dhe
1246 4600 1325 4642 name
1344 4585 1446 4656 (Porri
1458 4586 1473 4641 f
1479 4601 1494 4642 e
1506 4591 1531 4655 r)
1549 4587 1603 4647 aad

349 4681 413 4737 that
430 4679 462 4735 oi
477 4678 522 4734 his
541 4678 660 4744 country
677 4674 851 4744 (Virilis)
871 4689 918 4730 are
939 4674 1114 4744 conjectured
1132 4678 1160 4731 to
1179 4675 1249 4732 have
1280 4677 1349 4732 been
1368 4677 1497 4735 inumtcd
1516 4677 1546 4732 in
1564 4677 1603 4732 ri-

349 4771 452 4840 baldry
471 4770 510 4836 by
527 4766 575 4822 the
595 4765 685 4822 domic
703 4765 808 4834 poeto».
