3804 5786
863 346 1086 413 -114—

347 571 464 661 petius
491 569 609 646 Ovidii
647 572 832 645 rhetoricis
871 570 997 644 studiis
1035 577 1069 644 et
1095 571 1238 644 iuvenili
1276 577 1401 662 aetate,
1428 569 1602 663 adquam

345 688 431 779 haee
455 728 589 800 quoque
615 705 762 798 epistula
799 705 980 780 referenda
1006 727 1080 778 esse
1105 705 1255 793 videtur,
1283 705 1480 780 excusanda
1506 713 1599 798 sunt,

332 863 447 934 ¹quam
471 839 512 915 dt
535 848 719 933 propterea
743 841 929 915 Heroidem
954 844 1109 934 spuriam
1134 863 1208 915 esse
1234 849 1438 918 statuamus.

441 1235 537 1310 Haec
551 1243 662 1330 erant,
688 1259 776 1330 quae
789 1237 890 1309 nobis
903 1235 1062 1309 addenda
1081 1234 1399 1328 essevidebantur.=
1416 1236 1598 1327 inquibus

343 1371 436 1442 inter
458 1391 521 1442 nos
548 1376 757 1463 ceterosque,
784 1370 843 1463 qui
869 1370 952 1442 huic
984 1369 1152 1461 epistulae
1177 1390 1318 1459 operam
1344 1368 1531 1452 navabant,
1561 1366 1598 1439 id

341 1499 554 1576 discriminis
575 1503 776 1596 intercedit,
802 1501 968 1595 quodnes
983 1504 1169 1594 praecipue
1195 1501 1391 1576 Graeca
1414 1501 1491 1575 lin
1504 1524 1599 1593 gua

340 1637 612 1712 adiutrice
637 1637 883 1712 adhibita
909 1635 1026 1711 Ovidii
1066 1635 1278 1710 Graecorum
1304 1636 1466 1728 discipuli
1492 1634 1597 1709 verba

342 1779 506 1864 corrupta
530 1779 592 1846 aut
628 1771 714 1845 falso
752 1771 928 1845 intellecta
953 1771 1219 1842 restituebamus
1245 1769 1300 1842 vel
1328 1769 1595 1861 explicabanms.

339 1907 383 1978 ln
408 1927 476 1998 que
501 1906 530 1977 si
557 1905 643 1998 quid
679 1928 764 1997 prae
789 1908 912 1978 ceteris
950 1904 1112 1998 vidimus
1149 1902 1241 1996 qued
1267 1905 1341 1977 veri
1367 1904 1596 1978 similitudine

320 2029 411 2112 ‘non
436 2040 576 2112 omnino
615 2037 818 2111 destitutum
855 2059 930 2110 esse
967 2037 1137 2137 videatur,
1177 2060 1305 2111 novum
1351 2037 1595 2112 documentum

338 2169 496 2244 dedimus
522 2174 607 2265 eius,
621 2194 724 2266 quam
748 2193 910 2264 perverse
934 2180 1052 2265 agant,
1079 2174 1139 2263 qui
1154 2173 1329 2246 Romanas
1342 2174 1477 2248 litteras
1503 2181 1596 2247 trae*

338 2314 453 2380 tantas
479 2305 640 2400 Graecas,
667 2293 688 2381 a
713 2307 839 2401 quibus
864 2308 967 2380 latini
993 2308 1151 2382 homines
1175 2308 1246 2380 fere
1272 2311 1310 2381 in
1324 2312 1485 2383 omnibus
1510 2331 1595 2401 pen·

339 2441 433 2536 dent,
459 2466 531 2516 nen
555 2441 772 2516 asciscendus
799 2464 874 2515 esse
898 2440 1127 2515 arbitrantur.
