3822 5758
908 435 1080 521 „4-

371 675 718 796 μεγαλοφνές...
748 675 858 782 μετά
884 683 1110 779 σαφηνείας,
1153 672 1290 757 ὅσον
1330 677 1515 772 αὐτῆς
1552 677 1625 776 μή

370 823 432 908 ’τῇ
474 810 773 925 διαλέκτῳ
814 841 870 894 τι
911 816 1251 894 κεκάκωται.
1291 818 1460 909 Apuleius
1492 839 1626 911 quoque

372 957 531 1049 (Apolog.
571 977 604 1046 p.
633 959 703 1027 413
730 975 799 1027 rec.
835 954 1074 1046 Elmenhorst)
1118 952 1160 1024 de
1198 953 1496 1026 insolentia
1533 953 1625 1024 lin-

369 1102 431 1181 gu
445 1113 499 1164 ae
524 1090 766 1162 mulieris
792 1087 1009 1160 Lesbiae
1034 1087 1193 1180 queritur
1209 1088 1255 1178 *).
1285 1087 1379 1178 Quae
1400 1087 1625 1160 nihilosecius

370 1233 518 1301 aetatem
545 1224 713 1315 tulerunt,
739 1224 783 1294 iis
810 1224 879 1295 iam
906 1223 1155 1314 posterioribus
1182 1224 1396 1314 temporibus
1422 1222 1512 1295 alius
1526 1223 1626 1314 isque

370 1361 622 1454 implacabilior
648 1359 758 1432 hostis
782 1359 926 1432 exstitit:
974 1358 1131 1430 homines
1159 1359 1251 1430 enim
1277 1358 1422 1430 fanatici
1448 1355 1531 1430 inde
1556 1358 1624 1430 ori-

369 1496 488 1586 ginem
514 1515 647 1600 morum
675 1501 917 1585 corruptorum
932 1491 1012 1580 duci
1028 1492 1190 1565 arbitrati
1209 1493 1265 1585 **)
1293 1514 1394 1566 caeco
1419 1492 1534 1566 furore
1555 1493 1625 1564 acti

370 1629 446 1703 illos
472 1630 615 1702 melicae
640 1629 753 1719 poesis
778 1626 882 1700 flores
905 1633 1081 1719 tamquam
1094 1627 1222 1698 tabem
1250 1626 1425 1719 quandam
1450 1627 1626 1717 inignem
1746 1701 1748 1706 ,

373 1766 600 1856 coniciebant,
639 1771 678 1836 ut
704 1764 820 1836 eloco
846 1786 867 1836 a
893 1763 1054 1835 Fabricio
1093 1755 1274 1854 (Biblioth.
1316 1761 1437 1836 Graec.
1482 1761 1519 1835 Τ.
1548 1763 1565 1834 Ι
1590 1782 1623 1852 p.

374 1903 461 1994 733)
500 1899 603 1974 allato
629 1905 735 1990 patet.
783 1898 997 1989 „Dolendum
1025 1904 1113 1990 est“‚
1153 1901 1268 1993 inquit
1305 1900 1374 1992 ille,
1412 1902 1626 1990 „sacerdotes

374 2036 524 2111 Graecos
549 2035 763 2130 Byzantinos
790 2033 953 2126 effecisse,
980 2041 1021 2107 ut
1045 2036 1247 2114 Mimnermi
1282 2035 1519 2128 Sapphus
1545 2037 1626 2111 Bio-

373 2172 428 2244 nis
454 2171 668 2263 aliorumque
707 2171 862 2241 carmina
900 2170 1079 2261 amatoria,
1122 2176 1210 2243 teste
1233 2192 1337 2262 papa
1375 2170 1548 2245 LeoneX
1589 2174 1627 2245 in

257 2373 259 2377 ,
374 2304 536 2399 Alcyonii
561 2303 651 2376 libro
679 2302 696 2373 I
722 2302 764 2374 de
790 2302 892 2374 exilio
917 2323 950 2392 p.
981 2306 1038 2394 69,
1064 2303 1195 2375 nefarie
1221 2304 1545 2378 comburerentur“.

472 2440 568 2530 Quae
594 2459 670 2510 cum
698 2438 749 2509 ita
774 2444 899 2529 essent,
926 2439 1135 2511 recentiores
1165 2438 1259 2514 haud
1284 2441 1379 2512 facili
1405 2441 1522 2514 labore
1548 2463 1627 2515 sus-

376 2579 474 2664 cepto
499 2593 616 2645 omnes
641 2573 864 2665 antiquorum
889 2572 1025 2645 litteras
1065 2575 1274 2664 perscrutati
1315 2573 1476 2648 disiectos
1502 2577 1626 2670 lyrico-

374 2729 454 2780 rum
480 2705 691 2780 Graecorum
716 2727 850 2797 pannos
877 2707 1129 2800 conquirebant
1167 2709 1377 2799 colligebant
1403 2712 1624 2784 consuebant.

376 2843 444 2935 Qui
467 2840 566 2914 labor
591 2840 765 2931 imprimis
791 2840 936 2931 Bergkii
963 2841 1056 2913 illius
1083 2862 1187 2931 opera
1212 2842 1282 2915 fere
1302 2842 1347 2914 ad
1361 2843 1468 2915 finem
1481 2842 1627 2935 perduc·

274 3055 276 3060 ,
376 2982 432 3050 tus
458 2996 532 3049 esse
556 2973 705 3066 videtur,
744 2976 813 3047 nisi
850 2975 1102 3069 Aegyptiorum
1141 2977 1267 3050 tumuli
1298 2979 1352 3051 vel
1392 2977 1529 3070 lapides
1550 3000 1626 3051 car·

376 3110 531 3184 minibus
568 3109 690 3182 incisis
729 3107 882 3181 decorati
921 3111 1145 3198 sagacitatem
1181 3107 1424 3200 indagantium
1450 3111 1628 3205 hucusque
1679 3165 1684 3178 .

375 3245 511 3320 fallunt.
1334 3229 1338 3236 ’

475 3380 525 3453 At
549 3401 619 3453 nou
645 3339 755 3452 solum
782 3381 947 3472 carmina,
975 3379 1036 3453 sed
1061 3382 1167 3453 etiam
1192 3383 1284 3454 vitae
1323 3384 1524 3457 melicorum
1549 3405 1630 3474 poe·

377 3520 494 3588 tarum
520 3519 700 3606 ceteraque
736 3520 893 3586 veterum
932 3513 974 3586 de
1000 3514 1043 3586 iis
1066 3486 1281 3588 testimonia
1321 3515 1416 3589 haud
1441 3539 1521 3590 raro
1558 3525 1630 3590 tam

378 3647 482 3724 foede
502 3650 733 3741 posteriorum
760 3650 962 3721 commentis
1002 3654 1104 3721 aucta
1130 3655 1233 3741 atque
1258 3648 1447 3741 depravata
1472 3656 1566 3743 sunt,
1592 3657 1632 3723 ut

379 3806 628 3878 nonnunquam
654 3805 756 3874 aegre
781 3804 864 3857 vera
890 3784 1017 3856 alictis
1044 3783 1241 3858 discernere
1254 3805 1371 3877 queas,
1399 3783 1499 3877 Quod
1512 3808 1632 3878 quam-

380 3940 484 4012 quam
509 3917 650 4010 reliquis
676 3938 810 4010 quoque
849 3916 1061 3991 Graecorum
1087 3918 1317 4009 scriptoribus
1344 3917 1483 4011 accidit,
1518 3927 1632 3994 tamen

380 4053 418 4124 in
444 4051 499 4124 his
525 4051 636 4141 ipsius
661 4052 812 4123 auctoris
852 4051 969 4124 verbis
1007 4050 1119 4125 adiuti
1145 4052 1347 4142 saepissime
1382 4054 1527 4144 propius
1552 4075 1633 4126 uero

381 4182 543 4258 accedere
568 4204 762 4276 possumus3
788 4204 892 4276 quam
916 4185 1009 4257 viam
1035 4186 1073 4258 in
1098 4183 1312 4274 retingendis
1337 4185 1523 4279 lyricorum
1550 4187 1634 4260 vitis

489 4531 513 4600 *l
531 4533 561 4588 V.
581 4531 716 4590 Welchor.
737 4533 780 4588 lll.
802 4531 945 4588 Schriften
965 4531 993 4587 Il
1013 4546 1039 4600 p.
1052 4535 1101 4590 120
1120 4548 1185 4588 ann.
1203 4532 1243 4590 68.

472 4621 509 4694 ”l
528 4623 644 4691 Propter
662 4623 778 4678 eandem
799 4637 911 4678 causam
937 4624 992 4676 iam
1012 4621 1174 4688 antiquitus
1193 4621 1303 4678 Valerio
1328 4620 1446 4678 Maximo
1465 4625 1534 4680 teste
1552 4623 1591 4696 (l,
1612 4625 1637 4697 3)

388 4712 524 4782 Spartani
543 4711 703 4768 Archilochi
724 4713 851 4767 carmina
870 4710 980 4767 finibus
999 4712 1058 4766 suis
1078 4703 1294 4779 prohibuerunt.
1324 4711 1426 4768 Contra
1445 4712 1561 4770 Pindari
1579 4715 1638 4784 cpi·

384 4802 461 4858 nicia
480 4802 660 4872 potissimum
679 4802 786 4858 ethicae
806 4802 967 4870 sententiae,
986 4816 1055 4867 quas
1075 4804 1154 4870 pocta
1173 4801 1347 4870 argumentis
1371 4802 1488 4858 odorum
1507 4804 1639 4872 intexuit,
1661 4838 1670 4862 .

385 4893 419 4946 ab
438 4892 558 4948 interitu
578 4895 771 4948 servaverunt.
