3804 5786
894 367 1139 438 ...62...

369 615 504 672 nomen¹
522 597 642 670 deerat
658 598 706 689 *)3
732 604 908 687 postremo
947 605 1064 671 autem
1104 599 1395 688 epigrammatum
1433 600 1620 686 scriptores

368 730 538 820 poetriam
565 731 602 800 in
629 729 742 802 Lesbo
771 730 886 801 insula
912 731 1092 803 humatam
1118 751 1196 801 esse
1221 735 1395 801 testantur
1412 730 1481 821 11).
1522 727 1620 819 Quod

368 870 484 936 autem
510 861 651 936 Servius
677 860 840 934 Leucade
865 863 1032 954 templum
1060 884 1081 934 a
1106 862 1248 934 Phaone
1276 861 1431 954 Apollini
1444 860 1619 933 Leucadio

366 995 564 1070 dedicatum
591 1001 666 1067 esse
691 1003 842 1069 testatur
857 997 955 1090 aaa),
982 1018 1053 1069 non
1078 997 1197 1086 magni
1222 995 1420 1067 faciendum
1447 1002 1511 1084 est,
1543 993 1620 1066 fieri

367 1130 459 1201 enim
485 1130 611 1220 potuit,
638 1135 677 1200 ut
702 1128 837 1200 incolae
862 1131 936 1201 eius
962 1129 1040 1220 loci,
1067 1128 1239 1219 imprimis
1265 1127 1443 1218 Apollinis
1460 1126 1619 1199 sacerdo-

367 1263 429 1349 tes,
456 1279 522 1349 quo
548 1257 717 1348 templum
755 1257 820 1330 sub
846 1259 1069 1351 antiquitatis
1102 1259 1217 1349 specie
1242 1259 1355 1347 magis
1390 1256 1619 1331 reverendum

366 1392 552 1484 efficerent,
592 1391 651 1463 illa
675 1393 767 1464 fama
804 1391 847 1464 de
873 1392 1059 1483 Sapphone
1085 1392 1187 1465 avide
1225 1399 1365 1484 arrepta
1396 1399 1431 1465 et
1456 1393 1493 1464 in
1519 1413 1618 1464 usum

365 1549 466 1598 suum
493 1547 660 1599 conversa
687 1547 708 1599 a
732 1526 875 1598 Phaone
901 1525 1080 1599 conditum
1107 1547 1183 1598 esse
1208 1527 1275 1617 ipsi
1301 1525 1479 1598 finxerint.
1524 1527 1620 1616 Quae

367 1664 398 1734 si
423 1663 604 1735 nobiscum
630 1662 797 1753 posueris,
825 1662 999 1749 nouerit,
1035 1683 1097 1733 eur
1123 1685 1195 1734 non
1232 1663 1435 1734 assentiaris
1467 1660 1617 1748 Paulidi,
1704 1712 1709 1720 .

365 1797 519 1886 poetriae
544 1794 715 1886 populari,
742 1797 802 1885 qui
829 1816 927 1865 suam
954 1793 996 1865 de
1021 1794 1206 1885 Sapphone
1232 1793 1616 1886 dissertationem****)

366 1930 417 2000 ito
442 1949 585 2001 exorsus
611 1935 673 2000 est:
702 1928 783 2000 Μία
810 1928 877 2000 καὶ
907 1922 1014 2020 μόνη
1041 1925 1206 2039 ἐγένετο
1234 1924 1410 2023 Σαπφώ.
1477 1952 1479 1956 ·

467 4405 491 4472 *)
509 4406 538 4462 V.
559 4405 632 4474 apud
652 4405 791 4478 Wharton.
812 4404 831 4457 1.
851 4403 870 4456 l.
890 4414 917 4470 p.
939 4403 980 4457 18.

457 4495 494 4562 **)
512 4497 551 4552 cf.
571 4495 709 4563 Antipatr.
730 4493 785 4550 sid.
804 4490 924 4558 (anthol.
944 4492 1001 4547 Pal.
1021 4491 1079 4561 VII,
1100 4491 1151 4559 14);
1170 4489 1241 4544 Tull.
1261 4491 1342 4544 haur.
1361 4486 1437 4553 (ibid.
1458 4486 1508 4552 17).

442 4585 493 4651 ***)
510 4585 552 4641 Ad
570 4571 648 4650 Vorg.
668 4585 732 4639 iton.
752 4584 802 4651 ΙΙΙ,
823 4596 847 4638 v.
868 4584 927 4639 279:
950 4579 1112 4638 «Menander
1131 4580 1159 4634 et
1178 4578 1321 4647 Turpilius
1341 4574 1438 4632 oomiei
1472 4591 1488 4630 a
1507 4571 1615 4629 Phaone

363 4677 458 4734 Lesbio
479 4675 507 4729 iri
526 4676 660 4743 templum
681 4672 960 4730 eonditum,‹liuu11t¹›.

425 4763 490 4832 Μ’)
509 4766 632 4849 Σαπφώ
658 4762 675 4846 p‘
692 4759 906 4844 Μυτιληναία.
924 4759 1055 4830 (Lipsiae,
1074 4774 1099 4815 a.
1122 4759 1207 4824 1885).
